2970 4942
570 384 796 450 -29.-

126 555 200 609 tem.
218 545 318 608 Velut
333 545 373 610 de
387 546 617 610 adverbiorum
632 542 826 627 speciebns¹
842 548 878 607 in
892 543 946 607 his
961 546 1152 610 nominibus
1167 564 1244 611 cou-

126 656 271 715 sentiuut
289 675 296 715 :
315 651 495 734 qualitatis,
514 656 719 734 quantitatis,
741 655 886 732 numeri,
902 656 1074 733 temporis,
1090 652 1169 733 loci,
1186 673 1244 717 ue·

125 759 233 840 gandi,
246 760 444 839 affirmandi,
456 759 714 842 demonstrandi,
732 758 881 839 optandi,
898 758 1037 839 ordinis,
1055 759 1240 844 dubitandi,

124 866 325 948 personalia,
351 865 523 947 hortandi,
548 865 790 947 respondendi,
816 882 889 947 quae
913 884 991 929 varo
1013 868 1241 948 percontandi,

124 972 373 1054 similitudinis,
396 972 618 1054 compellandi
642 971 822 1054 Palaemon,
848 992 888 1034 ea
911 972 1080 1035 Romanus
1104 977 1243 1038 interro·

32 1114 35 1155 5
123 1080 231 1160 gaudi,
254 1079 478 1161 comparandi,
496 1080 635 1144 vocandi
654 1078 818 1163 appellat,
835 1080 1059 1159 congregandi
1078 1089 1110 1143 at
1130 1080 1242 1163 prohi-

32 1174 34 1231 ἶ
123 1186 219 1250 bendi
233 1186 403 1251 Palaemon
417 1207 518 1270 unus,
536 1206 623 1251 uuus
642 1187 813 1250 Romanus
832 1186 1042 1269 praelerendi,
1059 1188 1241 1269 adnuendi,

123 1293 264 1357 causalia
283 1294 439 1358 adverbia
457 1298 491 1356 in
513 1311 650 1358 censum
665 1301 771 1359 vocat.
790 1293 870 1357 Haec
891 1297 971 1357 satis
987 1312 1059 1358 esse
1078 1293 1189 1376 credo,
1207 1304 1243 1358 ut

121 1408 354 1481 appareatque
371 1404 500 1466 ratione
519 1405 607 1464 inter
627 1402 641 1463 I
659 1408 691 1464 et
705 1401 759 1463 ΙΙΙ
776 1400 936 1465 saeculum
950 1405 1165 1481 grammatica
1178 1399 1242 1464 lin·

120 1525 182 1586 gua
196 1514 324 1570 mutata
339 1512 393 1569 sit.
412 1507 584 1572 Romanus
598 1516 723 1590 antem,
739 1515 777 1571 ut
797 1527 815 1572 e
835 1510 1003 1589 prioribus
1018 1514 1244 1589 grammaticis

120 1632 210 1676 suam
224 1615 412 1678 doctrinam
431 1615 599 1697 hauserat,
617 1620 665 1679 sic
680 1616 920 1696 posterioribus
935 1617 1041 1681 ruults
1055 1617 1244 1699 suppedita-

118 1725 164 1783 vit
181 1742 188 1783 :
205 1722 294 1802 quod
310 1721 351 1784 de
368 1719 521 1786 Charisio
536 1727 719 1804 praesertim
733 1723 947 1785 manifestum
963 1732 1013 1785 est
1023 1722 1045 1787 ¹.

162 1827 248 1891 Cum
268 1805 376 1891 biario
400 1828 513 1892 Plotio
539 1828 715 1893 Sacerdote
736 1831 903 1911 incipiunt
926 1830 1049 1892 iullmae
1069 1832 1174 1894 aetatis
1193 1850 1243 1895 ar·

118 1934 274 2018 tigraphi,
300 1953 443 2016 quoram
462 1953 563 2017 opera
583 1935 637 2000 vel
662 1944 728 2001 tota
749 1935 803 1999 vel
823 1935 913 1999 haud
934 1936 1075 1998 multum
1091 1938 1242 2003 mutilata

117 2042 153 2103 in
174 2044 332 2105 manibus
353 2041 526 2107 habemus.
546 2042 645 2124 Apud
665 2042 744 2105 illos
763 2041 1057 2123 deprehenduntnr
1076 2042 1240 2126 pleraeque

116 2148 370 2231 appellationes,
387 2167 468 2229 quas
483 2151 519 2210 in
534 2147 598 2212 hoc
612 2147 728 2211 libello
742 2150 805 2211 sub
819 2166 955 2211 examen
965 2150 1096 2229 vocavi,
1112 2167 1240 2215 ornnes-

113 2272 176 2333 que
184 2263 262 2317 ante
273 2255 804 2319 Priscianummaximamiuterse
815 2254 1072 2319 similitudinem
1079 2257 1236 2337 prebent.

113 2361 160 2424 Ex
172 2362 297 2426 iisdem
311 2362 401 2424 enim
416 2362 598 2443 pandentes
611 2362 813 2443 auctoribus,
833 2361 973 2425 eandem
986 2362 1055 2425 fere
1070 2364 1240 2426 materiam

113 2468 415 2550 comprehendunt,
439 2467 561 2531 iisdem
580 2486 665 2549 saepe
686 2469 796 2531 verbis
816 2476 966 2532 utuntur.
984 2466 1238 2553 Grammatistae,

112 2578 147 2638 in
170 2595 273 2639 usum
297 2575 486 2639 scholarum
510 2576 701 2656 scribentes,
725 2574 820 2638 nulla
842 2575 989 2655 prolecto
1012 2575 1240 2639 observatione

112 2681 272 2763 nullaque
299 2681 517 2744 aestimatione
543 2699 603 2762 per
628 2700 662 2744 se
690 2681 783 2760 digni
813 2686 902 2744 sunt.
931 2681 976 2743 At
999 2680 1062 2744 hoc
1086 2689 1173 2744 certa
1197 2682 1240 2746 iis

111 2789 315 2852 beneficium
329 2786 477 2868 debetur,
496 2787 584 2867 qnod
598 2803 665 2849 non
681 2794 748 2849 tota
761 2786 858 2869 nobis
873 2785 1101 2851 florentiorem
1115 2794 1240 2868 tempo·

112 2911 185 2956 rum
209 2894 364 2975 disperiit
386 2896 559 2958 memoria.
585 2891 687 2975 Nam,
714 2895 867 2974 quamvis
895 2893 1003 2970 ignari
1027 2893 1240 2976 imperitique

112 3000 249 3082 fuerint,
273 3017 342 3063 non
362 2999 498 3065 omnino
517 3008 627 3063 tamen
647 3000 818 3064 doctorum
839 2999 1139 3081 grammaticorum,
1157 3018 1240 3082 qnos

112 3110 369 3186 exscripserunt,
383 3106 558 3168 seientiam
572 3106 842 3169 obscuraverunt.
857 3102 923 3167 Sed
938 3108 1059 3185 saepius
1073 3124 1150 3169 suos
1164 3124 1240 3171 auc·

113 3221 199 3279 tores
215 3214 428 3278 dissimulant
446 3234 453 3276 :
471 3214 560 3295 quod
574 3231 774 3293 magnopere
788 3214 924 3294 quidem
939 3213 1119 3276 dolendum
1133 3223 1194 3299 est,
1207 3222 1240 3279 at

112 3322 155 3385 iis
175 3323 317 3385 tortasse
338 3339 404 3386 non
426 3320 560 3384 crimini
583 3321 740 3384 dandum.
758 3319 844 3382 Nam
866 3319 1009 3383 dubitari
1029 3329 1149 3404 potest,
1173 3326 1240 3404 pri·

111 3447 228 3493 mosne
245 3447 282 3492 ac
296 3446 390 3492 veros
404 3437 564 3511 auctores,
582 3429 617 3491 id
632 3436 681 3492 est
695 3429 925 3509 grammaticos
941 3427 956 3489 I
972 3435 1004 3492 et
1020 3428 1055 3491 ΙΙ
1070 3439 1145 3511 post
1156 3428 1236 3493 Chr.

113 3535 240 3617 saecnli,
261 3536 410 3616 plerique
425 3536 569 3600 adierint
584 3543 617 3597 et
635 3536 862 3617 cognoverint,
884 3555 927 3598 an
946 3537 1163 3619 artigraphos,
1181 3538 1239 3618 qui

112 3644 174 3707 hos
188 3644 256 3725 ipsi
269 3643 509 3726 adhibuissent,
527 3642 615 3706 nihil
631 3643 684 3706 vel
697 3662 803 3725 pauca
816 3643 1044 3708 tantummodo
1058 3652 1236 3724 mutantes,

112 3906 116 3913 ⁸
140 3939 160 3978 1.
176 3931 212 3979 ct.
223 3932 370 3987 charisium,
380 3932 409 3978 K.
419 3931 438 3981 l.
448 3943 472 3989 p.
484 3935 522 3977 rit
533 3941 598 3989 sqq,
610 3937 649 3976 tto
659 3941 713 3988 sqq.

36 4040 39 4043 ,
138 3999 159 4038 2.
175 3995 221 4040 Hic
234 3995 341 4040 Nouium
356 3993 498 4040 Marcellum
513 3997 640 4050 pretereo,
655 3993 715 4050 quia
729 4005 743 4039 o
758 3994 958 4051 «compendiosa
972 3994 1084 4041 doctriua
1096 4010 1107 4031 ι
1123 3991 1187 4037 nihil
1202 4004 1239 4038 as·

113 4056 216 4113 sumpsi.
231 4056 383 4102 Pauclssima
397 4056 464 4101 enim
478 4053 600 4101 vocabula
614 4056 775 4110 grammatica
789 4055 832 4101 ille
846 4056 983 4114 usurpavit,
1001 4066 1080 4111 eaque
1096 4052 1190 4099 nullius
1207 4053 1238 4099 ad

113 4129 201 4227 qrqqqq
211 4116 369 4227 spiqopositnm
385 4117 506 4174 utilitatis,
523 4120 549 4162 ut
566 4129 621 4174 quae
640 4116 692 4173 jam
708 4121 781 4164 antea
800 4123 919 4177 usurpata
936 4130 990 4165 essa
1013 4115 1070 4165 aliis
1089 4115 1239 4162 testimoniis
