2970 4942
566 418 788 484 ..15-

113 573 146 628 et
175 566 373 629 eruditionis
402 565 620 646 amplitudine
651 566 776 628 exstitit
805 564 963 645 Nigidius
989 564 1158 647 Fignlns¹,
1179 570 1237 648 qui

113 672 342 751 undetriginta
363 672 541 735 minimum
563 672 667 735 libros
694 697 708 727 ‹
735 676 964 735 commentarii
988 675 1235 753 grammatici»

113 781 303 861 inscriptos,
320 779 470 859 singulos
484 780 651 842 fortassee
665 779 847 842 multifaria
856 782 1123 844 observationum
1137 782 1238 844 farra·

113 888 192 966 gine
218 889 427 968 conpositos,
455 886 571 949 edidit.
598 887 642 948 At
668 886 818 967 quamvis
842 886 1053 950 doctissimus
1080 888 1181 951 inerit
1205 897 1237 950 et

114 1012 252 1056 summae
264 993 420 1056 doctrinm
431 993 552 1055 lamam
562 993 749 1073 retinuerit,
763 1010 830 1055 non
845 1012 998 1073 magnam
1012 994 1100 1075 apud
1109 1004 1237 1057 veteres

113 1101 346 1177 grammaticos
374 1101 602 1162 auctoritatem
630 1099 787 1163 habuisse
815 1098 977 1180 videtur¹,
1008 1099 1055 1162 ita
1082 1108 1119 1163 nt
1148 1100 1235 1163 baud

113 1206 239 1286 multa,
258 1223 369 1286 eaeque
383 1205 452 1267 iere
468 1205 556 1285 apud
568 1223 674 1268 unum
688 1204 848 1287 Gellium,
864 1232 879 1262 ι
893 1208 1204 1271 commentariorum
1218 1233 1232 1262 »

111 1313 263 1393 reliquiae
284 1312 502 1393 reperiantur.
528 1311 569 1373 In
590 1312 644 1374 bis
666 1332 828 1393 perpauca
850 1315 1062 1389 grammatica
1076 1315 1236 1378 vocabula

111 1421 240 1501 insunt,
257 1438 330 1501 quae
345 1420 443 1483 modo
469 1419 583 1482 eadem
599 1428 675 1483 sunt
694 1438 766 1500 quae
787 1420 892 1483 Varro
913 1418 1115 1501 usurpavit⁸,
1138 1423 1235 1487 modo

110 1530 154 1592 ab
169 1529 241 1609 ejus
256 1528 423 1591 differunt.
441 1526 564 1600 Quare
579 1527 792 1590 manifestum
807 1530 844 1588 iit
863 1546 979 1608 parum
994 1536 1117 1590 certam
1132 1529 1234 1591 irrisae

111 1657 151 1700 ea
161 1644 256 1699 aetate
270 1636 421 1713 linguam
435 1637 680 1713 grammaticam
692 1642 724 1697 et
738 1637 914 1715 scriptores
925 1654 1011 1716 saepe
1026 1653 1132 1714 graeca
1141 1654 1236 1699 voca·

108 1745 191 1807 bula
206 1764 243 1806 ex
258 1745 394 1806 arbitrio
411 1761 470 1806 suo
487 1761 523 1805 ac
537 1741 679 1805 libidine
695 1741 890 1806 traduxisse.

156 1851 316 1914 Varronis
331 1859 362 1912 et
379 1850 510 1928 Nigidii
525 1848 679 1929 aequales,
693 1847 861 1929 Tironem,
876 1848 1047 1912 Ciceronis
1063 1849 1230 1933 libertum,

107 1956 284 2020 Valerium
305 1953 476 2036 Catonem,
494 1957 643 2018 Atteinm
663 1953 890 2035 Philologum,
907 1954 1003 2035 alios,
1020 1973 1162 2034 quorum
1176 1975 1234 2020 no-

106 2067 203 2127 mina
218 2062 304 2145 apud
316 2061 528 2126 Suetonium⁴
540 2065 703 2143 invenias,
717 2065 867 2124 omittere
878 2060 966 2142 licet,
980 2079 1056 2123 eum
1066 2060 1154 2123 nihil
1164 2063 1232 2125 iere

108 2172 181 2234 nisi
205 2173 257 2233 sui
276 2171 471 2232 memoriam
493 2169 702 2249 reliquerint,
726 2187 866 2249 cumque
889 2169 1065 2231 obscurum
1087 2171 1131 2232 sit
1152 2171 1231 2250 quid

109 2280 166 2342 vel
182 2298 263 2341 num
278 2279 359 2358 quid
373 2280 592 2355 grammaticae
610 2275 796 2356 disciplinae
811 2295 848 2339 ac
867 2275 990 2354 linguae
1006 2276 1206 2340 contulerint
1225 2300 1232 2339 :

109 2389 179 2448 nisi
193 2386 275 2449 forte
291 2384 475 2465 putandum
486 2391 545 2464 est,
563 2383 720 2463 majorem
737 2401 792 2445 eos
808 2383 982 2463 adepturos
997 2384 1100 2447 inisse
1112 2384 1232 2447 samam

109 2500 143 2556 et
171 2493 409 2571 auctoritatem,
441 2494 470 2553 si
499 2508 613 2552 eorum
641 2489 751 2552 studia
784 2496 815 2552 et
843 2492 978 2552 inventa
1005 2491 1102 2554 laude
1133 2491 1233 2569 digna

107 2601 263 2662 inissent.

156 2705 224 2768 Sed
241 2704 378 2767 silentio
398 2705 562 2785 praeteriri
580 2720 648 2764 non
668 2709 774 2782 potest
798 2700 838 2765 G.
860 2702 973 2766 Julius
989 2701 1112 2784 Caesar,
1133 2727 1148 2758 ι
1168 2703 1233 2767 Βο-

105 2830 282 2876 manorum
295 2811 393 2874 facile
408 2814 581 2890 maximus,
595 2811 653 2890 qui
669 2817 703 2871 ut
713 2809 904 2891 reipublicae
915 2810 1071 2873 Romanae
1088 2818 1120 2872 et
1133 2812 1233 2873 totius

106 2921 177 2982 iere
198 2926 360 2981 terrarum
380 2918 481 2997 orbis,
508 2935 671 2980 annorum
690 2925 723 2978 et
743 2917 886 2997 dierunt,
908 2918 954 2979 ita
974 2917 1098 2995 linguae
1119 2916 1232 2980 latinae

107 3027 234 3090 exstitit
258 3022 487 3104 legumlator⁶.
511 3047 526 3077 »
551 3023 831 3086 Gravissimorum
850 3025 1008 3104 virerum,
1035 3042 1118 3103 quos
1138 3034 1233 3088 antea

106 3133 290 3213 nominavi,
308 3133 448 3209 vestigia
463 3138 607 3211 secutus,
624 3132 744 3210 quibus
761 3149 829 3193 non
848 3131 1024 3208 indignum
1038 3132 1148 3193 visum
1162 3142 1231 3195 erat

106 3239 331 3318 grammaticis
346 3240 444 3301 rebus
460 3256 593 3318 operam
610 3256 740 3319 navare,
758 3237 816 3300 ille
832 3240 1035 3299 atrocissimo
1048 3236 1135 3300 bello
1153 3237 1231 3300 Gal-

105 3348 173 3409 lico
189 3347 462 3426 occupatissimus
481 3340 538 3428 (55
557 3364 587 3406 a.
614 3339 712 3428 Chr.)
731 3362 769 3408 ac
788 3346 857 3407 iere
877 3344 965 3407 inter
985 3345 1050 3406 tela
1069 3343 1227 3421 volantia,

105 3452 246 3516 classica
256 3459 288 3515 et
298 3453 405 3533 tubas,
418 3460 454 3513 ut
464 3451 574 3514 verbis
585 3449 762 3514 Frontonis
773 3458 858 3533 utar,
873 3452 954 3514 duos
968 3477 982 3507 ι
996 3452 1035 3513 de
1047 3450 1199 3529 analogia
1211 3476 1226 3506 »

105 3559 210 3623 libros
235 3563 376 3640 scripsit,
402 3567 449 3641 ut,
476 3560 598 3640 rejecta
617 3559 869 3622 consuetudinis
893 3559 1018 3637 regula,
1044 3576 1081 3620 ac
1101 3562 1228 3621 ratione

104 3676 273 3747 tamqnam
288 3669 426 3729 obrussa
440 3666 599 3747 adhibita,
618 3673 721 3728 certas
744 3666 880 3727 sincerae
901 3665 1076 3727 latinitatis
1090 3663 1182 3742 leges
1198 3673 1230 3728 et

134 3873 153 3912 1.
170 3865 204 3911 Cf.
215 3865 294 3919 Hertz,
306 3866 339 3909 De
351 3865 374 3908 Ρ.
385 3864 483 3924 Nipidii
493 3863 575 3923 reputt
584 3863 674 3909 stodiis
684 3869 757 3924 ctqne
767 3865 883 3923 operibns
892 3868 969 3917 (1815‘y
979 3863 1123 3921 praesertim,
1134 3876 1157 3921 p.
1168 3871 1227 3920 s·23;

102 3927 234 3981 Sweboda‚
244 3928 269 3971 P.
280 3926 379 3984 Nipa'dti
390 3927 471 3985 Figuli
481 3938 583 3982 opernm
593 3928 708 3987 reliquiar
718 3931 796 3982 (lass),
808 3927 953 3984 Praesertim,
964 3940 988 3982 p.
999 3932 1055 3982 sss,
1066 3933 1135 3973 star.

87 4022 89 4030 .
132 3995 152 4033 2.
168 3989 204 4036 ct.
214 3990 392 4041 liretzsclrmer.
403 3991 438 4036 De
449 3992 472 4034 Α.
484 3987 555 4034 Getttt
564 3986 703 4045 sentiscat
714 3992 792 4043 (iseo),
803 4002 827 4046 p.
838 3995 871 4033 st.

102 4112 112 4159 ι
131 4057 152 4095 a.
168 4052 279 4098 Fortasse
290 4053 349 4110 quia
360 4054 386 4097 in
400 4052 432 4097 iis
441 4052 560 4098 Varronis
574 4051 745 4097 anctoritatem
759 4051 872 4108 Nigidius
885 4052 1033 4109 sequebatur
1048 4050 1089 4106 (ci.
1100 4050 1228 4104 Swoboda,

114 4147 118 4156 .
131 4125 160 4168 a,
170 4125 194 4171 p.
207 4115 250 4168 tt).

131 4183 153 4220 4.
167 4177 193 4221 L.
205 4189 235 4224 r..
246 4179 302 4221 s-rt.

130 4243 152 4281 5.
167 4237 277 4294 scutitte,
289 4240 322 4286 ilc
332 4239 355 4284 C.
367 4236 433 4285 lulio
442 4238 541 4285 Caesare
550 4237 711 4296 prantntntieo
720 4239 801 4294 (isos),
812 4249 836 4295 p.
849 4245 867 4282 t.
