<?xml version="1.0" encoding="UTF-8"?>
<!DOCTYPE html PUBLIC "-//W3C//DTD XHTML 1.0 Transitional//EN"
    "http://www.w3.org/TR/xhtml1/DTD/xhtml1-transitional.dtd">
<html xmlns="http://www.w3.org/1999/xhtml" xml:lang="en" lang="en">
 <head>
  <title>
</title>
<meta http-equiv="Content-Type" content="text/html;charset=utf-8" />
  <meta name='ocr-system' content='tesseract 3.04.00' />
  <meta name='ocr-capabilities' content='ocr_page ocr_carea ocr_par ocr_line ocrx_word'/>
</head>
<body>
  <div class='ocr_page' id='page_1' title='image "./degrammaticisvo00jobgoog_0154.png"; bbox 0 0 2918 4942; ppageno 0'>
   <div class='ocr_carea' id='block_1_1' title="bbox 543 464 789 531">
    <p class='ocr_par' dir='ltr' id='par_1_1' title="bbox 543 464 789 531">
     <span class='ocr_line' id='line_1_1' title="bbox 543 464 789 531; baseline 0.012 -3"><span class='ocrx_word' id='word_1_1' title='bbox 543 464 789 531; x_wconf 80' lang='lat'>-143-</span> 
     </span>
    </p>
   </div>
   <div class='ocr_carea' id='block_1_2' title="bbox 13 606 1223 2510">
    <p class='ocr_par' dir='ltr' id='par_1_2' title="bbox 97 606 1223 1120">
     <span class='ocr_line' id='line_1_2' title="bbox 97 606 1223 697; baseline 0.004 -24"><span class='ocrx_word' id='word_1_2' title='bbox 97 628 308 692; x_wconf 84' lang='lat' dir='ltr'><strong>quamquam,</strong></span> <span class='ocrx_word' id='word_1_3' title='bbox 335 618 520 691; x_wconf 80' lang='lat' dir='ltr'><strong>postquam,</strong></span> <span class='ocrx_word' id='word_1_4' title='bbox 544 619 731 693; x_wconf 84' lang='lat' dir='ltr'><strong>antequam,</strong></span> <span class='ocrx_word' id='word_1_5' title='bbox 760 619 933 693; x_wconf 86' lang='lat' dir='ltr'><strong>quatenus,</strong></span> <span class='ocrx_word' id='word_1_6' title='bbox 958 619 1006 694; x_wconf 89' lang='lat' dir='ltr'><strong>ut,</strong></span> <span class='ocrx_word' id='word_1_7' title='bbox 1035 630 1110 676; x_wconf 89' lang='lat' dir='ltr'><strong>oum</strong></span> <span class='ocrx_word' id='word_1_8' title='bbox 1133 606 1223 697; x_wconf 75' lang='grc' dir='ltr'>(ὅταν</span> 
     </span>
     <span class='ocr_line' id='line_1_3' title="bbox 97 712 1219 804; baseline 0.002 -21"><span class='ocrx_word' id='word_1_9' title='bbox 97 714 140 796; x_wconf 81' lang='grc' dir='ltr'><strong>ὡς</strong></span> <span class='ocrx_word' id='word_1_10' title='bbox 155 712 315 804; x_wconf 76' lang='grc' dir='ltr'>σημαίνει)</span> <span class='ocrx_word' id='word_1_11' title='bbox 330 741 345 772; x_wconf 73' lang='grc' dir='ltr'><strong><em>ι</em></strong></span> <span class='ocrx_word' id='word_1_12' title='bbox 357 735 366 798; x_wconf 85' lang='grc'>;</span> <span class='ocrx_word' id='word_1_13' title='bbox 378 719 528 796; x_wconf 78' lang='lat' dir='ltr'><strong>optative,</strong></span> <span class='ocrx_word' id='word_1_14' title='bbox 545 742 560 773; x_wconf 71' lang='grc' dir='ltr'><strong><em>ι</em></strong></span> <span class='ocrx_word' id='word_1_15' title='bbox 573 719 713 797; x_wconf 87' lang='lat' dir='ltr'><strong>utinam,</strong></span> <span class='ocrx_word' id='word_1_16' title='bbox 730 726 818 782; x_wconf 90' lang='lat' dir='ltr'><strong>utne</strong></span> <span class='ocrx_word' id='word_1_17' title='bbox 837 737 873 800; x_wconf 73' lang='grc' dir='ltr'><strong>»ς</strong></span> <span class='ocrx_word' id='word_1_18' title='bbox 890 720 1087 799; x_wconf 81' lang='lat' dir='ltr'><strong>subjunctive</strong></span> <span class='ocrx_word' id='word_1_19' title='bbox 1104 744 1119 775; x_wconf 71' lang='grc' dir='ltr'><strong><em>ι</em></strong></span> <span class='ocrx_word' id='word_1_20' title='bbox 1133 737 1219 801; x_wconf 88' lang='lat' dir='ltr'><strong>oum,</strong></span> 
     </span>
     <span class='ocr_line' id='line_1_4' title="bbox 97 825 1222 910; baseline 0.003 -24"><span class='ocrx_word' id='word_1_21' title='bbox 97 826 127 886; x_wconf 90' lang='lat' dir='ltr'><strong>si</strong></span> <span class='ocrx_word' id='word_1_22' title='bbox 146 848 162 878; x_wconf 72' lang='grc' dir='ltr'><strong>ι</strong></span> <span class='ocrx_word' id='word_1_23' title='bbox 181 831 213 887; x_wconf 90' lang='lat' dir='ltr'><strong>et</strong></span> <span class='ocrx_word' id='word_1_24' title='bbox 229 840 300 906; x_wconf 85' lang='lat' dir='ltr'><strong>quae</strong></span> <span class='ocrx_word' id='word_1_25' title='bbox 317 825 358 887; x_wconf 87' lang='lat' dir='ltr'><strong>ab</strong></span> <span class='ocrx_word' id='word_1_26' title='bbox 374 841 413 887; x_wconf 88' lang='lat' dir='ltr'><strong>eo</strong></span> <span class='ocrx_word' id='word_1_27' title='bbox 427 825 617 905; x_wconf 82' lang='lat' dir='ltr'><strong>compositae</strong></span> <span class='ocrx_word' id='word_1_28' title='bbox 633 832 721 904; x_wconf 88' lang='lat' dir='ltr'><strong>sunt,</strong></span> <span class='ocrx_word' id='word_1_29' title='bbox 742 851 757 880; x_wconf 74' lang='grc' dir='ltr'><strong><em>ι</em></strong></span> <span class='ocrx_word' id='word_1_30' title='bbox 771 833 957 908; x_wconf 85' lang='lat' dir='ltr'><strong>antequam,</strong></span> <span class='ocrx_word' id='word_1_31' title='bbox 975 825 1090 909; x_wconf 88' lang='lat' dir='ltr'><strong>donee,</strong></span> <span class='ocrx_word' id='word_1_32' title='bbox 1109 846 1222 910; x_wconf 85' lang='lat' dir='ltr'><strong>quam·</strong></span> 
     </span>
     <span class='ocr_line' id='line_1_5' title="bbox 97 925 1222 1015; baseline 0.004 -20"><span class='ocrx_word' id='word_1_33' title='bbox 97 933 162 1010; x_wconf 88' lang='lat' dir='ltr'><strong>vis,</strong></span> <span class='ocrx_word' id='word_1_34' title='bbox 188 931 377 1012; x_wconf 89' lang='lat' dir='ltr'><strong>dummodo,</strong></span> <span class='ocrx_word' id='word_1_35' title='bbox 402 929 493 1010; x_wconf 90' lang='lat' dir='ltr'><strong>licet,</strong></span> <span class='ocrx_word' id='word_1_36' title='bbox 518 925 758 1015; x_wconf 78' lang='lat' dir='ltr'><strong>(postquami),</strong></span> <span class='ocrx_word' id='word_1_37' title='bbox 783 932 988 1015; x_wconf 82' lang='lat' dir='ltr'><strong>priusquam,</strong></span> <span class='ocrx_word' id='word_1_38' title='bbox 1012 933 1092 997; x_wconf 90' lang='lat' dir='ltr'><strong>dum</strong></span> <span class='ocrx_word' id='word_1_39' title='bbox 1109 959 1125 989; x_wconf 73' lang='grc' dir='ltr'><strong>ι</strong></span> <span class='ocrx_word' id='word_1_40' title='bbox 1146 952 1222 999; x_wconf 89' lang='lat' dir='ltr'><strong>cum</strong></span> 
     </span>
     <span class='ocr_line' id='line_1_6' title="bbox 99 1038 829 1120; baseline 0.003 -20"><span class='ocrx_word' id='word_1_41' title='bbox 99 1054 160 1120; x_wconf 86' lang='lat' dir='ltr'><strong>pro</strong></span> <span class='ocrx_word' id='word_1_42' title='bbox 176 1038 280 1101; x_wconf 85' lang='lat' dir='ltr'><strong>donec</strong></span> <span class='ocrx_word' id='word_1_43' title='bbox 294 1038 455 1119; x_wconf 76' lang='lat' dir='ltr'>accipitur</span> <span class='ocrx_word' id='word_1_44' title='bbox 469 1045 526 1100; x_wconf 86' lang='lat' dir='ltr'><strong>aut</strong></span> <span class='ocrx_word' id='word_1_45' title='bbox 541 1056 600 1119; x_wconf 86' lang='lat' dir='ltr'><strong>pro</strong></span> <span class='ocrx_word' id='word_1_46' title='bbox 616 1038 793 1103; x_wconf 86' lang='lat' dir='ltr'><strong>dummodo</strong></span> <span class='ocrx_word' id='word_1_47' title='bbox 804 1038 829 1117; x_wconf 30' lang='lat'><strong>¹..</strong></span> 
     </span>
    </p>

    <p class='ocr_par' dir='ltr' id='par_1_3' title="bbox 13 1143 1221 2510">
     <span class='ocr_line' id='line_1_7' title="bbox 143 1143 1221 1229; baseline 0.006 -21"><span class='ocrx_word' id='word_1_48' title='bbox 143 1143 242 1219; x_wconf 79' lang='lat' dir='ltr'><strong>Quod</strong></span> <span class='ocrx_word' id='word_1_49' title='bbox 263 1144 305 1206; x_wconf 86' lang='lat' dir='ltr'><strong>ad</strong></span> <span class='ocrx_word' id='word_1_50' title='bbox 325 1145 476 1208; x_wconf 86' lang='lat' dir='ltr'>ordinem</span> <span class='ocrx_word' id='word_1_51' title='bbox 499 1146 653 1226; x_wconf 88' lang='lat' dir='ltr'><strong>pertinet,</strong></span> <span class='ocrx_word' id='word_1_52' title='bbox 678 1146 929 1227; x_wconf 83' lang='lat' dir='ltr'><strong>conjunctiones</strong></span> <span class='ocrx_word' id='word_1_53' title='bbox 953 1148 990 1210; x_wconf 90' lang='lat' dir='ltr'><strong>iu</strong></span> <span class='ocrx_word' id='word_1_54' title='bbox 1013 1148 1078 1210; x_wconf 86' lang='lat' dir='ltr'><strong>tria</strong></span> <span class='ocrx_word' id='word_1_55' title='bbox 1100 1167 1221 1229; x_wconf 79' lang='lat' dir='ltr'><strong>genera</strong></span> 
     </span>
     <span class='ocr_line' id='line_1_8' title="bbox 98 1250 1220 1337; baseline 0.004 -23"><span class='ocrx_word' id='word_1_56' title='bbox 98 1251 335 1315; x_wconf 68' lang='lat' dir='ltr'><strong>distribuendae</strong></span> <span class='ocrx_word' id='word_1_57' title='bbox 362 1258 464 1314; x_wconf 89' lang='lat' dir='ltr'><strong>sunt:</strong></span> <span class='ocrx_word' id='word_1_58' title='bbox 486 1250 561 1314; x_wconf 87' lang='lat' dir='ltr'><strong>aliae</strong></span> <span class='ocrx_word' id='word_1_59' title='bbox 583 1252 672 1315; x_wconf 91' lang='lat' dir='ltr'><strong>enim</strong></span> <span class='ocrx_word' id='word_1_60' title='bbox 688 1255 889 1331; x_wconf 63' lang='lat' dir='ltr'><strong>praepositive</strong></span> <span class='ocrx_word' id='word_1_61' title='bbox 908 1261 996 1335; x_wconf 87' lang='lat' dir='ltr'><strong>sunt,</strong></span> <span class='ocrx_word' id='word_1_62' title='bbox 1013 1263 1050 1318; x_wconf 90' lang='lat' dir='ltr'><strong>ut</strong></span> <span class='ocrx_word' id='word_1_63' title='bbox 1063 1272 1136 1337; x_wconf 86' lang='lat' dir='ltr'><strong>quae</strong></span> <span class='ocrx_word' id='word_1_64' title='bbox 1150 1264 1220 1319; x_wconf 83' lang='lat' dir='ltr'><strong>teu·</strong></span> 
     </span>
     <span class='ocr_line' id='line_1_9' title="bbox 51 1350 1221 1443; baseline 0.004 -22"><span class='ocrx_word' id='word_1_65' title='bbox 51 1350 54 1354; x_wconf 75' lang='grc'><strong>’</strong></span> <span class='ocrx_word' id='word_1_66' title='bbox 98 1367 169 1421; x_wconf 90' lang='lat' dir='ltr'><strong>tum</strong></span> <span class='ocrx_word' id='word_1_67' title='bbox 188 1358 335 1439; x_wconf 83' lang='lat' dir='ltr'><strong>praeponi</strong></span> <span class='ocrx_word' id='word_1_68' title='bbox 354 1359 484 1439; x_wconf 84' lang='lat' dir='ltr'><strong>possint</strong></span> <span class='ocrx_word' id='word_1_69' title='bbox 499 1353 557 1442; x_wconf 87' lang='lat' dir='ltr'><strong>(et,</strong></span> <span class='ocrx_word' id='word_1_70' title='bbox 576 1353 668 1442; x_wconf 83' lang='lat' dir='ltr'><strong>sed)3</strong></span> <span class='ocrx_word' id='word_1_71' title='bbox 685 1358 759 1422; x_wconf 86' lang='lat' dir='ltr'><strong>eliae</strong></span> <span class='ocrx_word' id='word_1_72' title='bbox 780 1361 987 1441; x_wconf 73' lang='lat' dir='ltr'><strong>subjunctive,</strong></span> <span class='ocrx_word' id='word_1_73' title='bbox 1003 1368 1040 1425; x_wconf 91' lang='lat' dir='ltr'><strong>ut</strong></span> <span class='ocrx_word' id='word_1_74' title='bbox 1059 1379 1132 1443; x_wconf 86' lang='lat' dir='ltr'><strong>quae</strong></span> <span class='ocrx_word' id='word_1_75' title='bbox 1150 1371 1221 1426; x_wconf 83' lang='lat' dir='ltr'><strong>teu·</strong></span> 
     </span>
     <span class='ocr_line' id='line_1_10' title="bbox 97 1459 1217 1554; baseline 0.008 -27"><span class='ocrx_word' id='word_1_76' title='bbox 97 1473 168 1528; x_wconf 92' lang='lat' dir='ltr'><strong>tum</strong></span> <span class='ocrx_word' id='word_1_77' title='bbox 189 1466 345 1545; x_wconf 80' lang='lat' dir='ltr'><strong>subjungi</strong></span> <span class='ocrx_word' id='word_1_78' title='bbox 369 1459 458 1548; x_wconf 82' lang='lat' dir='ltr'><strong>(que,</strong></span> <span class='ocrx_word' id='word_1_79' title='bbox 477 1460 620 1548; x_wconf 81' lang='lat' dir='ltr'><strong>eutem);</strong></span> <span class='ocrx_word' id='word_1_80' title='bbox 637 1465 711 1528; x_wconf 86' lang='lat' dir='ltr'><strong>eliae</strong></span> <span class='ocrx_word' id='word_1_81' title='bbox 731 1483 903 1530; x_wconf 80' lang='lat' dir='ltr'><strong>communes</strong></span> <span class='ocrx_word' id='word_1_82' title='bbox 919 1463 977 1552; x_wconf 89' lang='lat' dir='ltr'><strong>(et,</strong></span> <span class='ocrx_word' id='word_1_83' title='bbox 994 1470 1108 1549; x_wconf 81' lang='lat' dir='ltr'><strong>igitur,</strong></span> <span class='ocrx_word' id='word_1_84' title='bbox 1127 1466 1217 1554; x_wconf 75' lang='lat' dir='ltr'><strong>eto),</strong></span> 
     </span>
     <span class='ocr_line' id='line_1_11' title="bbox 99 1570 1218 1654; baseline 0.01 -20"><span class='ocrx_word' id='word_1_85' title='bbox 99 1598 115 1628; x_wconf 74' lang='grc' dir='ltr'><strong><em>α</em></strong></span> <span class='ocrx_word' id='word_1_86' title='bbox 131 1572 253 1653; x_wconf 87' lang='lat' dir='ltr'><strong>quibus</strong></span> <span class='ocrx_word' id='word_1_87' title='bbox 261 1570 418 1636; x_wconf 86' lang='lat' dir='ltr'><strong>utralibet</strong></span> <span class='ocrx_word' id='word_1_88' title='bbox 427 1580 519 1653; x_wconf 87' lang='lat' dir='ltr'><strong>perte</strong></span> <span class='ocrx_word' id='word_1_89' title='bbox 529 1573 647 1654; x_wconf 89' lang='lat' dir='ltr'><strong>positis</strong></span> <span class='ocrx_word' id='word_1_90' title='bbox 658 1574 731 1635; x_wconf 88' lang='lat' dir='ltr'><strong>sine</strong></span> <span class='ocrx_word' id='word_1_91' title='bbox 740 1574 823 1637; x_wconf 90' lang='lat' dir='ltr'><strong>vitio</strong></span> <span class='ocrx_word' id='word_1_92' title='bbox 834 1576 1047 1654; x_wconf 82' lang='lat' dir='ltr'><strong>coniungitur</strong></span> <span class='ocrx_word' id='word_1_93' title='bbox 1054 1575 1175 1641; x_wconf 83' lang='lat' dir='ltr'><strong>oretio&#39;</strong></span> <span class='ocrx_word' id='word_1_94' title='bbox 1188 1601 1218 1645; x_wconf 83' lang='lat'><strong>».</strong></span> 
     </span>
     <span class='ocr_line' id='line_1_12' title="bbox 96 1676 1220 1764; baseline 0.007 -24"><span class='ocrx_word' id='word_1_95' title='bbox 96 1680 177 1742; x_wconf 85' lang='lat' dir='ltr'><strong>Haec</strong></span> <span class='ocrx_word' id='word_1_96' title='bbox 201 1679 319 1741; x_wconf 88' lang='lat' dir='ltr'><strong>saltem</strong></span> <span class='ocrx_word' id='word_1_97' title='bbox 345 1679 482 1742; x_wconf 86' lang='lat' dir='ltr'><strong>nomina</strong></span> <span class='ocrx_word' id='word_1_98' title='bbox 508 1680 597 1761; x_wconf 88' lang='lat' dir='ltr'><strong>apud</strong></span> <span class='ocrx_word' id='word_1_99' title='bbox 626 1676 814 1743; x_wconf 77' lang='lat' dir='ltr'><strong>Donatnm⁸</strong></span> <span class='ocrx_word' id='word_1_100' title='bbox 844 1680 1090 1764; x_wconf 88' lang='lat' dir='ltr'><strong>nonnullosque</strong></span> <span class='ocrx_word' id='word_1_101' title='bbox 1114 1683 1220 1747; x_wconf 77' lang='lat' dir='ltr'><strong>alios⁴</strong></span> 
     </span>
     <span class='ocr_line' id='line_1_13' title="bbox 94 1784 1219 1872; baseline 0.006 -25"><span class='ocrx_word' id='word_1_102' title='bbox 94 1786 299 1849; x_wconf 82' lang='lat' dir='ltr'><strong>invenimus.</strong></span> <span class='ocrx_word' id='word_1_103' title='bbox 327 1785 356 1847; x_wconf 90' lang='lat' dir='ltr'><strong>A</strong></span> <span class='ocrx_word' id='word_1_104' title='bbox 381 1784 569 1849; x_wconf 86' lang='lat' dir='ltr'><strong>Palaemone</strong></span> <span class='ocrx_word' id='word_1_105' title='bbox 594 1794 720 1866; x_wconf 84' lang='lat' dir='ltr'><strong>autem,</strong></span> <span class='ocrx_word' id='word_1_106' title='bbox 747 1794 830 1850; x_wconf 89' lang='lat' dir='ltr'><strong>teste</strong></span> <span class='ocrx_word' id='word_1_107' title='bbox 860 1785 1015 1853; x_wconf 87' lang='lat' dir='ltr'><strong>Charisio</strong></span> <span class='ocrx_word' id='word_1_108' title='bbox 1025 1787 1048 1868; x_wconf 85' lang='lat'><strong>⁶,</strong></span> <span class='ocrx_word' id='word_1_109' title='bbox 1075 1790 1219 1872; x_wconf 86' lang='lat' dir='ltr'><strong>appelle·</strong></span> 
     </span>
     <span class='ocr_line' id='line_1_14' title="bbox 96 1890 1219 1979; baseline 0.005 -25"><span class='ocrx_word' id='word_1_110' title='bbox 96 1893 219 1955; x_wconf 83' lang='lat' dir='ltr'><strong>bantur</strong></span> <span class='ocrx_word' id='word_1_111' title='bbox 240 1890 314 1954; x_wconf 87' lang='lat' dir='ltr'><strong>eliae</strong></span> <span class='ocrx_word' id='word_1_112' title='bbox 332 1893 533 1972; x_wconf 74' lang='lat' dir='ltr'><strong>pstwtpates,</strong></span> <span class='ocrx_word' id='word_1_113' title='bbox 557 1893 593 1955; x_wconf 87' lang='lat' dir='ltr'><strong>id</strong></span> <span class='ocrx_word' id='word_1_114' title='bbox 614 1901 663 1956; x_wconf 89' lang='lat' dir='ltr'><strong>est</strong></span> <span class='ocrx_word' id='word_1_115' title='bbox 682 1910 755 1974; x_wconf 86' lang='lat' dir='ltr'><strong>quae</strong></span> <span class='ocrx_word' id='word_1_116' title='bbox 776 1894 940 1976; x_wconf 89' lang='lat' dir='ltr'><strong>principio</strong></span> <span class='ocrx_word' id='word_1_117' title='bbox 962 1896 1120 1959; x_wconf 87' lang='lat' dir='ltr'><strong>orationis</strong></span> <span class='ocrx_word' id='word_1_118' title='bbox 1139 1899 1219 1979; x_wconf 90' lang='lat' dir='ltr'><strong>poni</strong></span> 
     </span>
     <span class='ocr_line' id='line_1_15' title="bbox 95 1997 1219 2086; baseline 0.006 -25"><span class='ocrx_word' id='word_1_119' title='bbox 95 1999 218 2078; x_wconf 89' lang='lat' dir='ltr'><strong>solent,</strong></span> <span class='ocrx_word' id='word_1_120' title='bbox 245 1999 319 2061; x_wconf 87' lang='lat' dir='ltr'><strong>aliae</strong></span> <span class='ocrx_word' id='word_1_121' title='bbox 342 2000 568 2079; x_wconf 77' lang='lat' dir='ltr'><strong>subsequentes,</strong></span> <span class='ocrx_word' id='word_1_122' title='bbox 594 2000 668 2063; x_wconf 87' lang='lat' dir='ltr'><strong>aliae</strong></span> <span class='ocrx_word' id='word_1_123' title='bbox 691 1997 826 2065; x_wconf 56' lang='lat' dir='ltr'><strong>cedei</strong></span> <span class='ocrx_word' id='word_1_124' title='bbox 852 1998 1052 2083; x_wconf 72' lang='lat' dir='ltr'><strong>Pompeius²</strong></span> <span class='ocrx_word' id='word_1_125' title='bbox 1076 2003 1219 2086; x_wconf 89' lang='lat' dir='ltr'><strong>denique</strong></span> 
     </span>
     <span class='ocr_line' id='line_1_16' title="bbox 92 2107 1219 2189; baseline 0.007 -22"><span class='ocrx_word' id='word_1_126' title='bbox 92 2109 311 2185; x_wconf 80' lang='lat' dir='ltr'><strong>postpositione</strong></span> <span class='ocrx_word' id='word_1_127' title='bbox 340 2107 437 2185; x_wconf 87' lang='lat' dir='ltr'><strong>dicit,</strong></span> <span class='ocrx_word' id='word_1_128' title='bbox 468 2125 549 2188; x_wconf 88' lang='lat' dir='ltr'><strong>quas</strong></span> <span class='ocrx_word' id='word_1_129' title='bbox 579 2109 740 2189; x_wconf 82' lang='lat' dir='ltr'><strong>Donatus,</strong></span> <span class='ocrx_word' id='word_1_130' title='bbox 768 2116 844 2188; x_wconf 79' lang='lat' dir='ltr'><strong>etc,</strong></span> <span class='ocrx_word' id='word_1_131' title='bbox 871 2109 1092 2189; x_wconf 79' lang='lat' dir='ltr'><strong>subjunctivus.</strong></span> <span class='ocrx_word' id='word_1_132' title='bbox 1119 2112 1173 2174; x_wconf 78' lang='lat' dir='ltr'><strong>An</strong></span> <span class='ocrx_word' id='word_1_133' title='bbox 1201 2130 1219 2175; x_wconf 89' lang='lat' dir='ltr'><strong>e</strong></span> 
     </span>
     <span class='ocr_line' id='line_1_17' title="bbox 96 2212 1217 2286; baseline 0.008 -10"><span class='ocrx_word' id='word_1_134' title='bbox 96 2212 224 2276; x_wconf 72' lang='lat' dir='ltr'><strong>Graecis</strong></span> <span class='ocrx_word' id='word_1_135' title='bbox 247 2212 333 2277; x_wconf 87' lang='lat' dir='ltr'><strong>hene</strong></span> <span class='ocrx_word' id='word_1_136' title='bbox 356 2214 556 2278; x_wconf 83' lang='lat' dir='ltr'><strong>divisionem</strong></span> <span class='ocrx_word' id='word_1_137' title='bbox 571 2213 740 2278; x_wconf 77' lang='lat' dir='ltr'><strong>Palaemon</strong></span> <span class='ocrx_word' id='word_1_138' title='bbox 755 2232 822 2278; x_wconf 90' lang='lat' dir='ltr'><strong>non</strong></span> <span class='ocrx_word' id='word_1_139' title='bbox 843 2223 1011 2280; x_wconf 86' lang='lat' dir='ltr'><strong>mutuatus</strong></span> <span class='ocrx_word' id='word_1_140' title='bbox 1027 2217 1070 2280; x_wconf 90' lang='lat' dir='ltr'><strong>sit</strong></span> <span class='ocrx_word' id='word_1_141' title='bbox 1091 2217 1217 2286; x_wconf 87' lang='lat' dir='ltr'><strong>dubito.</strong></span> 
     </span>
     <span class='ocr_line' id='line_1_18' title="bbox 95 2318 1219 2403; baseline 0.008 -23"><span class='ocrx_word' id='word_1_142' title='bbox 95 2318 243 2383; x_wconf 88' lang='lat' dir='ltr'><strong>Nomina</strong></span> <span class='ocrx_word' id='word_1_143' title='bbox 256 2327 367 2383; x_wconf 88' lang='lat' dir='ltr'><strong>entem</strong></span> <span class='ocrx_word' id='word_1_144' title='bbox 381 2327 437 2383; x_wconf 86' lang='lat' dir='ltr'><strong>aut</strong></span> <span class='ocrx_word' id='word_1_145' title='bbox 452 2320 615 2401; x_wconf 87' lang='lat' dir='ltr'><strong>quomodo</strong></span> <span class='ocrx_word' id='word_1_146' title='bbox 629 2322 705 2384; x_wconf 86' lang='lat' dir='ltr'><strong>ficta</strong></span> <span class='ocrx_word' id='word_1_147' title='bbox 719 2322 787 2383; x_wconf 90' lang='lat' dir='ltr'><strong>sint</strong></span> <span class='ocrx_word' id='word_1_148' title='bbox 800 2320 917 2403; x_wconf 83' lang='lat' dir='ltr'><strong>liquet,</strong></span> <span class='ocrx_word' id='word_1_149' title='bbox 930 2330 987 2386; x_wconf 86' lang='lat' dir='ltr'><strong>aut</strong></span> <span class='ocrx_word' id='word_1_150' title='bbox 1001 2323 1041 2386; x_wconf 90' lang='lat' dir='ltr'><strong>de</strong></span> <span class='ocrx_word' id='word_1_151' title='bbox 1057 2323 1133 2387; x_wconf 91' lang='lat' dir='ltr'><strong>aliis</strong></span> <span class='ocrx_word' id='word_1_152' title='bbox 1148 2341 1219 2388; x_wconf 85' lang='lat' dir='ltr'><strong>ore·</strong></span> 
     </span>
     <span class='ocr_line' id='line_1_19' title="bbox 13 2427 800 2510; baseline 0.004 -22"><span class='ocrx_word' id='word_1_153' title='bbox 13 2442 15 2447; x_wconf 89' lang='lat'>·</span> <span class='ocrx_word' id='word_1_154' title='bbox 94 2428 198 2490; x_wconf 89' lang='lat' dir='ltr'><strong>tionis</strong></span> <span class='ocrx_word' id='word_1_155' title='bbox 211 2427 359 2508; x_wconf 85' lang='lat' dir='ltr'><strong>partibus</strong></span> <span class='ocrx_word' id='word_1_156' title='bbox 373 2435 531 2508; x_wconf 81' lang='lat' dir='ltr'><strong>usurpata</strong></span> <span class='ocrx_word' id='word_1_157' title='bbox 542 2428 612 2508; x_wconf 85' lang='lat' dir='ltr'><strong>jam</strong></span> <span class='ocrx_word' id='word_1_158' title='bbox 626 2427 800 2510; x_wconf 79' lang='lat' dir='ltr'><strong>explicavi.</strong></span> 
     </span>
    </p>
   </div>
   <div class='ocr_carea' id='block_1_3' title="bbox 472 2701 843 2780">
    <p class='ocr_par' dir='ltr' id='par_1_4' title="bbox 472 2701 843 2780">
     <span class='ocr_line' id='line_1_20' title="bbox 472 2701 843 2780; baseline -0.008 -14"><span class='ocrx_word' id='word_1_159' title='bbox 472 2701 529 2766; x_wconf 87' lang='lat' dir='ltr'><strong>De</strong></span> <span class='ocrx_word' id='word_1_160' title='bbox 550 2701 843 2780; x_wconf 79' lang='lat' dir='ltr'><strong>praepositione.</strong></span> 
     </span>
    </p>
   </div>
   <div class='ocr_carea' id='block_1_4' title="bbox 92 2906 1218 3316">
    <p class='ocr_par' dir='ltr' id='par_1_5' title="bbox 92 2906 1218 3316">
     <span class='ocr_line' id='line_1_21' title="bbox 141 2906 1218 2992; baseline 0.006 -23"><span class='ocrx_word' id='word_1_161' title='bbox 141 2906 232 2981; x_wconf 85' lang='lat' dir='ltr'><strong>Quas</strong></span> <span class='ocrx_word' id='word_1_162' title='bbox 251 2925 312 2970; x_wconf 90' lang='lat' dir='ltr'><strong>uos</strong></span> <span class='ocrx_word' id='word_1_163' title='bbox 331 2910 555 2987; x_wconf 62' lang='lat' dir='ltr'><strong>praepositiones</strong></span> <span class='ocrx_word' id='word_1_164' title='bbox 574 2914 741 2988; x_wconf 85' lang='lat' dir='ltr'><strong>vocamus,</strong></span> <span class='ocrx_word' id='word_1_165' title='bbox 761 2928 815 2973; x_wconf 85' lang='lat' dir='ltr'><strong>ees</strong></span> <span class='ocrx_word' id='word_1_166' title='bbox 838 2907 953 2990; x_wconf 82' lang='lat' dir='ltr'><strong>Stoici,</strong></span> <span class='ocrx_word' id='word_1_167' title='bbox 975 2915 1218 2992; x_wconf 71' lang='lat' dir='ltr'><strong>conpositionem</strong></span> 
     </span>
     <span class='ocr_line' id='line_1_22' title="bbox 92 3002 1217 3103; baseline 0.006 -27"><span class='ocrx_word' id='word_1_168' title='bbox 92 3015 231 3078; x_wconf 88' lang='lat' dir='ltr'><strong>notione</strong></span> <span class='ocrx_word' id='word_1_169' title='bbox 241 3013 506 3096; x_wconf 81' lang='lat' dir='ltr'><strong>complectentes,</strong></span> <span class='ocrx_word' id='word_1_170' title='bbox 519 3002 718 3100; x_wconf 57' lang='grc' dir='ltr'><strong>π’ροθετικούς</strong></span> <span class='ocrx_word' id='word_1_171' title='bbox 732 3016 929 3103; x_wconf 80' lang='grc' dir='ltr'>συνδέσμους,</span> <span class='ocrx_word' id='word_1_172' title='bbox 941 3020 977 3080; x_wconf 89' lang='lat' dir='ltr'><strong>id</strong></span> <span class='ocrx_word' id='word_1_173' title='bbox 992 3027 1051 3102; x_wconf 90' lang='lat' dir='ltr'><strong>est,</strong></span> <span class='ocrx_word' id='word_1_174' title='bbox 1062 3023 1217 3102; x_wconf 80' lang='lat' dir='ltr'><strong>praeposi·</strong></span> 
     </span>
     <span class='ocr_line' id='line_1_23' title="bbox 93 3116 1215 3211; baseline 0.005 -27"><span class='ocrx_word' id='word_1_175' title='bbox 93 3123 179 3184; x_wconf 87' lang='lat' dir='ltr'><strong>tivas</strong></span> <span class='ocrx_word' id='word_1_176' title='bbox 205 3116 292 3205; x_wconf 82' lang='lat' dir='ltr'><strong>(quae</strong></span> <span class='ocrx_word' id='word_1_177' title='bbox 314 3123 462 3204; x_wconf 84' lang='lat' dir='ltr'><strong>praeponi</strong></span> <span class='ocrx_word' id='word_1_178' title='bbox 488 3118 609 3206; x_wconf 88' lang='lat' dir='ltr'><strong>solent)</strong></span> <span class='ocrx_word' id='word_1_179' title='bbox 630 3123 881 3203; x_wconf 87' lang='lat' dir='ltr'><strong>conjunctiones</strong></span> <span class='ocrx_word' id='word_1_180' title='bbox 903 3124 1089 3190; x_wconf 82' lang='lat' dir='ltr'><strong>dicebant⁸.</strong></span> <span class='ocrx_word' id='word_1_181' title='bbox 1116 3125 1215 3211; x_wconf 63' lang='lat' dir='ltr'><strong>Inde}</strong></span> 
     </span>
     <span class='ocr_line' id='line_1_24' title="bbox 92 3227 1218 3316; baseline 0.007 -26"><span class='ocrx_word' id='word_1_182' title='bbox 92 3247 171 3291; x_wconf 88' lang='lat' dir='ltr'><strong>cum</strong></span> <span class='ocrx_word' id='word_1_183' title='bbox 185 3227 253 3291; x_wconf 83' lang='lat' dir='ltr'><strong>illae</strong></span> <span class='ocrx_word' id='word_1_184' title='bbox 269 3227 341 3291; x_wconf 82' lang='lat' dir='ltr'><strong>duae</strong></span> <span class='ocrx_word' id='word_1_185' title='bbox 361 3236 469 3310; x_wconf 82' lang='lat' dir='ltr'><strong>pentes</strong></span> <span class='ocrx_word' id='word_1_186' title='bbox 489 3229 648 3291; x_wconf 82' lang='lat' dir='ltr'><strong>orationis</strong></span> <span class='ocrx_word' id='word_1_187' title='bbox 669 3229 827 3311; x_wconf 80' lang='lat' dir='ltr'><strong>sejunctae</strong></span> <span class='ocrx_word' id='word_1_188' title='bbox 847 3239 935 3314; x_wconf 89' lang='lat' dir='ltr'><strong>sunt,</strong></span> <span class='ocrx_word' id='word_1_189' title='bbox 958 3250 1064 3313; x_wconf 81' lang='lat' dir='ltr'><strong>genus</strong></span> <span class='ocrx_word' id='word_1_190' title='bbox 1083 3233 1218 3316; x_wconf 86' lang='lat' dir='ltr'><strong>quidem</strong></span> 
     </span>
    </p>
   </div>
   <div class='ocr_carea' id='block_1_5' title="bbox 88 3490 1235 4322">
    <p class='ocr_par' dir='ltr' id='par_1_6' title="bbox 88 3490 1235 3946">
     <span class='ocr_line' id='line_1_25' title="bbox 120 3490 1235 3574; baseline 0.006 -14"><span class='ocrx_word' id='word_1_191' title='bbox 120 3523 141 3560; x_wconf 90' lang='lat'><strong>1.</strong></span> <span class='ocrx_word' id='word_1_192' title='bbox 156 3490 306 3570; x_wconf 52' lang='lat' dir='ltr'><strong>Gischaris,</strong></span> <span class='ocrx_word' id='word_1_193' title='bbox 316 3513 332 3560; x_wconf 88' lang='lat' dir='ltr'><strong>l.</strong></span> <span class='ocrx_word' id='word_1_194' title='bbox 342 3525 371 3567; x_wconf 81' lang='lat' dir='ltr'><strong>e,</strong></span> <span class='ocrx_word' id='word_1_195' title='bbox 381 3515 468 3571; x_wconf 82' lang='lat' dir='ltr'><strong>Diem,</strong></span> <span class='ocrx_word' id='word_1_196' title='bbox 478 3493 507 3562; x_wconf 79' lang='lat' dir='ltr'><strong>u.</strong></span> <span class='ocrx_word' id='word_1_197' title='bbox 517 3514 536 3571; x_wconf 87' lang='lat' dir='ltr'><strong>l,</strong></span> <span class='ocrx_word' id='word_1_198' title='bbox 546 3527 571 3573; x_wconf 87' lang='lat' dir='ltr'><strong>p.</strong></span> <span class='ocrx_word' id='word_1_199' title='bbox 580 3522 629 3561; x_wconf 75' lang='lat'><strong>416.</strong></span> <span class='ocrx_word' id='word_1_200' title='bbox 644 3516 673 3561; x_wconf 80' lang='lat' dir='ltr'><strong>itt</strong></span> <span class='ocrx_word' id='word_1_201' title='bbox 682 3515 813 3564; x_wconf 85' lang='lat' dir='ltr'><strong>Diomedes</strong></span> <span class='ocrx_word' id='word_1_202' title='bbox 822 3515 848 3573; x_wconf 89' lang='lat' dir='ltr'><strong>(i.</strong></span> <span class='ocrx_word' id='word_1_203' title='bbox 857 3518 886 3574; x_wconf 85' lang='lat' dir='ltr'><strong>e.)</strong></span> <span class='ocrx_word' id='word_1_204' title='bbox 896 3516 957 3564; x_wconf 88' lang='lat' dir='ltr'><strong>dicit</strong></span> <span class='ocrx_word' id='word_1_205' title='bbox 966 3529 1020 3565; x_wconf 85' lang='lat' dir='ltr'><strong>esse</strong></span> <span class='ocrx_word' id='word_1_206' title='bbox 1030 3530 1099 3566; x_wconf 88' lang='lat' dir='ltr'><strong>nuuc</strong></span> <span class='ocrx_word' id='word_1_207' title='bbox 1112 3519 1217 3567; x_wconf 81' lang='lat' dir='ltr'><strong>interro</strong></span> <span class='ocrx_word' id='word_1_208' title='bbox 1233 3564 1235 3567; x_wconf 81' lang='grc'>,</span> 
     </span>
     <span class='ocr_line' id='line_1_26' title="bbox 90 3574 1218 3638; baseline 0.006 -16"><span class='ocrx_word' id='word_1_209' title='bbox 90 3576 212 3636; x_wconf 77' lang='lat' dir='ltr'><strong>poticam,</strong></span> <span class='ocrx_word' id='word_1_210' title='bbox 222 3587 291 3622; x_wconf 87' lang='lat' dir='ltr'><strong>nuno</strong></span> <span class='ocrx_word' id='word_1_211' title='bbox 305 3574 499 3636; x_wconf 65' lang='lat' dir='ltr'><strong>inspectivam,</strong></span> <span class='ocrx_word' id='word_1_212' title='bbox 514 3587 583 3622; x_wconf 89' lang='lat' dir='ltr'><strong>nuno</strong></span> <span class='ocrx_word' id='word_1_213' title='bbox 598 3577 748 3624; x_wconf 80' lang='lat' dir='ltr'><strong>eductivum</strong></span> <span class='ocrx_word' id='word_1_214' title='bbox 762 3581 786 3625; x_wconf 84' lang='lat' dir='ltr'><strong>et</strong></span> <span class='ocrx_word' id='word_1_215' title='bbox 798 3579 986 3636; x_wconf 80' lang='lat' dir='ltr'><strong>promissivam,</strong></span> <span class='ocrx_word' id='word_1_216' title='bbox 1001 3592 1070 3627; x_wconf 90' lang='lat' dir='ltr'><strong>nunc</strong></span> <span class='ocrx_word' id='word_1_217' title='bbox 1084 3581 1218 3638; x_wconf 68' lang='lat' dir='ltr'><strong>eadivam,</strong></span> 
     </span>
     <span class='ocr_line' id='line_1_27' title="bbox 90 3637 1217 3702; baseline 0.006 -18"><span class='ocrx_word' id='word_1_218' title='bbox 90 3650 164 3684; x_wconf 88' lang='lat' dir='ltr'><strong>nunc</strong></span> <span class='ocrx_word' id='word_1_219' title='bbox 179 3638 367 3696; x_wconf 69' lang='lat' dir='ltr'><strong>superiecisse,</strong></span> <span class='ocrx_word' id='word_1_220' title='bbox 384 3641 432 3685; x_wconf 86' lang='lat' dir='ltr'><strong>etc.</strong></span> <span class='ocrx_word' id='word_1_221' title='bbox 446 3638 474 3684; x_wconf 90' lang='lat' dir='ltr'><strong>In</strong></span> <span class='ocrx_word' id='word_1_222' title='bbox 492 3637 585 3694; x_wconf 84' lang='lat' dir='ltr'><strong>libello,</strong></span> <span class='ocrx_word' id='word_1_223' title='bbox 602 3640 647 3697; x_wconf 81' lang='lat' dir='ltr'><strong>qui</strong></span> <span class='ocrx_word' id='word_1_224' title='bbox 663 3640 743 3698; x_wconf 76' lang='lat' dir='ltr'><strong>Aspre</strong></span> <span class='ocrx_word' id='word_1_225' title='bbox 761 3640 885 3698; x_wconf 84' lang='lat' dir='ltr'><strong>tribuitur,</strong></span> <span class='ocrx_word' id='word_1_226' title='bbox 900 3642 1046 3691; x_wconf 81' lang='lat' dir='ltr'><strong>invenimus</strong></span> <span class='ocrx_word' id='word_1_227' title='bbox 1062 3654 1161 3702; x_wconf 82' lang='lat' dir='ltr'><strong>quoquo</strong></span> <span class='ocrx_word' id='word_1_228' title='bbox 1177 3656 1217 3691; x_wconf 86' lang='lat' dir='ltr'><strong>su·</strong></span> 
     </span>
     <span class='ocr_line' id='line_1_28' title="bbox 89 3699 1217 3764; baseline 0.004 -17"><span class='ocrx_word' id='word_1_229' title='bbox 89 3701 245 3758; x_wconf 79' lang='lat' dir='ltr'><strong>perneeives</strong></span> <span class='ocrx_word' id='word_1_230' title='bbox 259 3701 451 3758; x_wconf 85' lang='lat' dir='ltr'><strong>conjunctiones</strong></span> <span class='ocrx_word' id='word_1_231' title='bbox 464 3701 488 3746; x_wconf 84' lang='lat' dir='ltr'><strong>ei</strong></span> <span class='ocrx_word' id='word_1_232' title='bbox 502 3699 659 3758; x_wconf 78' lang='lat' dir='ltr'><strong>praelatione,</strong></span> <span class='ocrx_word' id='word_1_233' title='bbox 677 3704 724 3748; x_wconf 84' lang='lat' dir='ltr'><strong>stc.</strong></span> <span class='ocrx_word' id='word_1_234' title='bbox 739 3702 786 3749; x_wconf 85' lang='lat' dir='ltr'><strong>Sed</strong></span> <span class='ocrx_word' id='word_1_235' title='bbox 801 3704 1011 3760; x_wconf 15' lang='lat' dir='ltr'><strong>omniaunomins,</strong></span> <span class='ocrx_word' id='word_1_236' title='bbox 1028 3716 1217 3764; x_wconf 74' lang='lat' dir='ltr'><strong>quacumquea</strong></span> 
     </span>
     <span class='ocr_line' id='line_1_29' title="bbox 88 3762 1216 3835; baseline 0.004 -26"><span class='ocrx_word' id='word_1_237' title='bbox 88 3762 199 3835; x_wconf 81' lang='lat' dir='ltr'><strong>singulis</strong></span> <span class='ocrx_word' id='word_1_238' title='bbox 212 3763 379 3820; x_wconf 77' lang='lat' dir='ltr'><strong>grammaticis</strong></span> <span class='ocrx_word' id='word_1_239' title='bbox 392 3767 511 3820; x_wconf 86' lang='lat' dir='ltr'><strong>usurpata</strong></span> <span class='ocrx_word' id='word_1_240' title='bbox 525 3765 590 3820; x_wconf 84' lang='lat' dir='ltr'><strong>sunt,</strong></span> <span class='ocrx_word' id='word_1_241' title='bbox 606 3775 751 3811; x_wconf 86' lang='lat' dir='ltr'><strong>enumerare</strong></span> <span class='ocrx_word' id='word_1_242' title='bbox 766 3776 814 3811; x_wconf 89' lang='lat' dir='ltr'><strong>nee</strong></span> <span class='ocrx_word' id='word_1_243' title='bbox 827 3767 952 3823; x_wconf 83' lang='lat' dir='ltr'><strong>possimus</strong></span> <span class='ocrx_word' id='word_1_244' title='bbox 968 3778 1016 3813; x_wconf 87' lang='lat' dir='ltr'><strong>nse</strong></span> <span class='ocrx_word' id='word_1_245' title='bbox 1026 3778 1107 3825; x_wconf 79' lang='lat' dir='ltr'><strong>opsrae</strong></span> <span class='ocrx_word' id='word_1_246' title='bbox 1116 3768 1148 3814; x_wconf 87' lang='lat' dir='ltr'><strong>sit</strong></span> <span class='ocrx_word' id='word_1_247' title='bbox 1163 3780 1216 3826; x_wconf 80' lang='lat' dir='ltr'><strong>pro·</strong></span> 
     </span>
     <span class='ocr_line' id='line_1_30' title="bbox 91 3828 742 3946; baseline 0.005 -14"><span class='ocrx_word' id='word_1_248' title='bbox 91 3828 256 3942; x_wconf 37' lang='lat' dir='ltr'><strong>tipmhhmsq</strong></span> <span class='ocrx_word' id='word_1_249' title='bbox 266 3887 294 3933; x_wconf 87' lang='lat' dir='ltr'><strong>K.</strong></span> <span class='ocrx_word' id='word_1_250' title='bbox 305 3887 323 3943; x_wconf 90' lang='lat' dir='ltr'><strong>I,</strong></span> <span class='ocrx_word' id='word_1_251' title='bbox 334 3899 358 3946; x_wconf 85' lang='lat' dir='ltr'><strong>p.</strong></span> <span class='ocrx_word' id='word_1_252' title='bbox 369 3891 416 3934; x_wconf 73' lang='lat' dir='ltr'><strong>sit.</strong></span> <span class='ocrx_word' id='word_1_253' title='bbox 427 3887 463 3936; x_wconf 78' lang='lat' dir='ltr'><strong>oi.</strong></span> <span class='ocrx_word' id='word_1_254' title='bbox 474 3899 557 3945; x_wconf 87' lang='lat' dir='ltr'><strong>supra,</strong></span> <span class='ocrx_word' id='word_1_255' title='bbox 567 3899 592 3945; x_wconf 89' lang='lat' dir='ltr'><strong>p.</strong></span> <span class='ocrx_word' id='word_1_256' title='bbox 602 3893 638 3944; x_wconf 76' lang='lat'><strong>51,</strong></span> <span class='ocrx_word' id='word_1_257' title='bbox 649 3894 683 3944; x_wconf 82' lang='lat' dir='ltr'><strong>oo,</strong></span> <span class='ocrx_word' id='word_1_258' title='bbox 694 3893 742 3936; x_wconf 79' lang='lat' dir='ltr'><strong>iio.</strong></span> 
     </span>
    </p>

    <p class='ocr_par' dir='ltr' id='par_1_7' title="bbox 118 3949 989 4007">
     <span class='ocr_line' id='line_1_31' title="bbox 118 3949 989 4007; baseline 0.01 -11"><span class='ocrx_word' id='word_1_259' title='bbox 118 3949 389 4007; x_wconf 60' lang='lat' dir='ltr'><strong>&amp;Kffipm.,</strong></span> <span class='ocrx_word' id='word_1_260' title='bbox 987 4000 989 4005; x_wconf 80' lang='grc'>,</span> 
     </span>
    </p>

    <p class='ocr_par' dir='ltr' id='par_1_8' title="bbox 117 4011 1086 4074">
     <span class='ocr_line' id='line_1_32' title="bbox 117 4011 1086 4074; baseline 0.007 -17"><span class='ocrx_word' id='word_1_261' title='bbox 117 4019 139 4057; x_wconf 80' lang='lat'><strong>4.</strong></span> <span class='ocrx_word' id='word_1_262' title='bbox 154 4011 266 4071; x_wconf 82' lang='lat' dir='ltr'><strong>Exempli</strong></span> <span class='ocrx_word' id='word_1_263' title='bbox 276 4013 362 4069; x_wconf 81' lang='lat' dir='ltr'><strong>gratia,</strong></span> <span class='ocrx_word' id='word_1_264' title='bbox 371 4012 550 4071; x_wconf 67' lang='lat' dir='ltr'><strong>prepositiones</strong></span> <span class='ocrx_word' id='word_1_265' title='bbox 561 4015 586 4058; x_wconf 87' lang='lat' dir='ltr'><strong>et</strong></span> <span class='ocrx_word' id='word_1_266' title='bbox 595 4024 733 4061; x_wconf 80' lang='lat' dir='ltr'><strong>commones</strong></span> <span class='ocrx_word' id='word_1_267' title='bbox 743 4026 783 4073; x_wconf 88' lang='lat' dir='ltr'><strong>ap.</strong></span> <span class='ocrx_word' id='word_1_268' title='bbox 793 4014 918 4073; x_wconf 74' lang='lat' dir='ltr'><strong>Priscian,</strong></span> <span class='ocrx_word' id='word_1_269' title='bbox 928 4016 956 4063; x_wconf 85' lang='lat' dir='ltr'><strong>K.</strong></span> <span class='ocrx_word' id='word_1_270' title='bbox 966 4016 1007 4073; x_wconf 90' lang='lat' dir='ltr'><strong>lll,</strong></span> <span class='ocrx_word' id='word_1_271' title='bbox 1017 4027 1042 4074; x_wconf 85' lang='lat' dir='ltr'><strong>p.</strong></span> <span class='ocrx_word' id='word_1_272' title='bbox 1052 4021 1086 4064; x_wconf 71' lang='lat'><strong>24.</strong></span> 
     </span>
    </p>

    <p class='ocr_par' dir='ltr' id='par_1_9' title="bbox 117 4074 607 4209">
     <span class='ocr_line' id='line_1_33' title="bbox 117 4074 607 4209; baseline 0.002 -27"><span class='ocrx_word' id='word_1_273' title='bbox 117 4080 139 4182; x_wconf 60' lang='grc' dir='ltr'><em>Ξ</em></span> <span class='ocrx_word' id='word_1_274' title='bbox 154 4074 246 4194; x_wconf 50' lang='grc' dir='ltr'><strong>ἑσῐθῐὶρ.</strong></span> <span class='ocrx_word' id='word_1_275' title='bbox 256 4136 284 4183; x_wconf 86' lang='grc' dir='ltr'><strong>Κ.</strong></span> <span class='ocrx_word' id='word_1_276' title='bbox 294 4136 323 4192; x_wconf 85' lang='lat' dir='ltr'><strong>V,</strong></span> <span class='ocrx_word' id='word_1_277' title='bbox 334 4148 358 4194; x_wconf 87' lang='lat' dir='ltr'><strong>p.</strong></span> <span class='ocrx_word' id='word_1_278' title='bbox 369 4142 417 4183; x_wconf 73' lang='lat' dir='ltr'><strong>ios.</strong></span> <span class='ocrx_word' id='word_1_279' title='bbox 478 4183 481 4188; x_wconf 85' lang='grc'>,</span> <span class='ocrx_word' id='word_1_280' title='bbox 603 4204 607 4209; x_wconf 27' lang='lat'><strong><em>¹</em></strong></span> 
     </span>
    </p>

    <p class='ocr_par' dir='ltr' id='par_1_10' title="bbox 116 4199 716 4322">
     <span class='ocr_line' id='line_1_34' title="bbox 116 4199 716 4322; baseline 0.008 -15"><span class='ocrx_word' id='word_1_281' title='bbox 116 4205 138 4307; x_wconf 61' lang='grc' dir='ltr'><strong>ἔ.</strong></span> <span class='ocrx_word' id='word_1_282' title='bbox 153 4199 242 4318; x_wconf 60' lang='lat' dir='ltr'><strong>illpgll,</strong></span> <span class='ocrx_word' id='word_1_283' title='bbox 253 4261 286 4307; x_wconf 85' lang='lat' dir='ltr'><strong>De</strong></span> <span class='ocrx_word' id='word_1_284' title='bbox 295 4263 395 4316; x_wconf 68' lang='lat' dir='ltr'><strong>constr„</strong></span> <span class='ocrx_word' id='word_1_285' title='bbox 405 4261 424 4317; x_wconf 91' lang='lat' dir='ltr'><strong>l,</strong></span> <span class='ocrx_word' id='word_1_286' title='bbox 435 4268 460 4319; x_wconf 77' lang='lat'><strong>13</strong></span> <span class='ocrx_word' id='word_1_287' title='bbox 471 4260 716 4322; x_wconf 70' lang='lat' dir='ltr'><strong>Pusc.,tt.11,p.te</strong></span> 
     </span>
    </p>
   </div>
   <div class='ocr_carea' id='block_1_6' title="bbox 0 0 1464 4942">
    <p class='ocr_par' dir='ltr' id='par_1_11' title="bbox 0 0 1464 4942">
     <span class='ocr_line' id='line_1_35' title="bbox 0 0 1464 4942; baseline 0 2"><span class='ocrx_word' id='word_1_288' title='bbox 0 0 1464 4942; x_wconf 95' lang='lat' dir='ltr'><strong> </strong></span> 
     </span>
    </p>
   </div>
  </div>
 </body>
</html>
