2970 4942
717 436 941 500 -12-

268 582 365 646 modo
380 583 467 646 hanc
489 582 648 662 linguam,
666 601 686 642 a
698 581 861 662 Dionysio
876 580 1022 659 allatam,
1040 582 1183 644 Romani
1197 600 1217 644 a
1230 583 1339 661 primo
1354 602 1387 663 p.

270 688 351 751 Chr.
368 678 491 752 saeoul'o
506 689 710 751 traduxerint
724 696 757 752 et
774 694 937 753 auxerint.
956 689 1038 750 Eam
1051 697 1161 751 tamen
1180 707 1249 752 nou
1263 690 1389 752 confes-

270 796 331 858 tim
349 800 386 858 in
404 796 526 859 litteris
546 796 660 858 latinis
679 800 881 877 regnavisse,
906 796 964 858 sed
983 796 1142 876 paulatim
1161 796 1268 859 ineas
1287 796 1390 876 irrep-

269 907 353 965 sisse
367 901 550 965 verisimile
560 910 627 982 est,
643 919 705 966 nec
719 903 813 982 prius
824 906 959 965 omuino
974 906 1011 964 in
1025 922 1123 965 usum
1133 904 1264 967 venisse
1279 904 1387 975 credo,

270 1027 369 1091 quam
382 1027 434 1071 ars
448 1011 661 1086 grammatica
675 1026 748 1090 quae
760 1009 881 1072 dicitur
894 1028 914 1071 a
928 1009 1076 1071 Romano
1091 1008 1250 1072 Romanis
1262 1026 1391 1089 compo-

270 1118 334 1179 sita
348 1117 449 1179 luerit
460 1114 482 1177 ¹.
500 1115 641 1196 Interea,
659 1133 735 1178 cum
749 1134 864 1179 omnes
878 1117 947 1178 iere
961 1116 1043 1179 libri
1056 1117 1261 1194 grammatici
1276 1136 1335 1181 seu
1350 1117 1391 1180 dc

270 1224 423 1302 analogia
437 1232 469 1286 et
482 1225 658 1305 anomalia,
677 1244 735 1288 seu
750 1225 790 1288 de
804 1244 878 1306 usu,
897 1243 997 1288 sensu
1012 1233 1044 1286 et
1059 1224 1260 1306 etymologia
1272 1224 1392 1288 latino-

271 1349 345 1393 rum
360 1330 596 1393 vocabulorum
616 1332 848 1412 scriberentur,
870 1348 932 1394 nec
952 1330 1068 1393 multis
1087 1348 1150 1393 nec
1163 1331 1252 1392 inter
1267 1350 1301 1394 se
1316 1349 1392 1395 cou-

270 1437 465 1514 gruentibus
492 1461 507 1490 c
529 1436 691 1500 technicis
716 1439 904 1499 terminis»
931 1455 1013 1518 opus
1038 1446 1122 1520 erat,
1149 1456 1257 1518 neque
1280 1438 1392 1517 plures

270 1560 368 1621 quam
389 1560 471 1622 opus
486 1552 555 1605 erat
570 1562 587 1605 e
607 1560 713 1622 grace
727 1544 830 1606 iuudo
844 1552 1029 1624 assumptos
1045 1562 1117 1606 esse
1133 1544 1316 1625 putandum
1329 1552 1390 1607 est.

314 1648 376 1710 His
390 1651 582 1730 praemissis,
599 1650 641 1712 ad
659 1648 906 1714 illustrissimos
924 1649 1096 1713 Ciceronis
1111 1653 1217 1714 aetatis
1232 1669 1394 1730 gramma·

269 1759 351 1819 ticos
366 1763 510 1818 transeo.
528 1756 620 1818 Inter
633 1774 715 1837 qnos
731 1757 917 1837 principem
931 1757 1042 1820 locum
1055 1766 1143 1820 tenet
1157 1759 1204 1821 M.
1217 1758 1394 1821 Terentius

268 1860 371 1924 Varro
387 1858 540 1945 (llo-27)
556 1870 589 1923 et
602 1880 741 1925 numero
756 1871 788 1925 et
797 1868 954 1926 varietate
966 1871 998 1927 et
1013 1863 1233 1944 amplitudine
1243 1882 1392 1944 ope1um.

271 1968 347 2031 Non
370 1967 463 2031 aliud
486 1976 598 2031 tamen
621 1988 720 2050 quam
743 1988 815 2049 quae
841 1969 1034 2051 philosophi
1063 1978 1096 2034 et
1123 1972 1329 2050 grammatici
1353 1971 1393 2033 de
1481 2033 1482 2036 ,

271 2093 377 2154 graeca
396 2075 511 2156 lingua
532 2076 791 2159 elaboraverant,
815 2085 986 2140 retractata
1007 2079 1158 2158 quidem,
1183 2086 1394 2157 correctaqne

272 2191 307 2246 ut
323 2184 359 2244 in
372 2184 510 2246 latinam
520 2184 716 2265 quadrarent
727 2182 868 2264 aliisque
885 2184 1045 2265 exemplis
1060 2184 1312 2265 illustrata-sed
1325 2186 1395 2247 iere

273 2293 309 2352 iu
323 2308 361 2353 eo
378 2299 504 2353 tantum
526 2310 585 2353 sua
602 2294 707 2371 ipsius
723 2309 823 2370 opera
840 2290 1051 2372 amplificata,
1069 2298 1230 2372 quantum
1249 2291 1323 2377 fieri
1336 2308 1394 2370 po-

274 2398 349 2477 tuit,
375 2415 451 2460 cum
476 2399 604 2460 civibus
633 2400 901 2460 communicavit.
932 2398 1132 2479 Temporum
1160 2417 1238 2461 vcro
1266 2400 1393 2460 ratione

272 2503 376 2566 Varro
390 2507 515 2584 primos
529 2503 633 2566 libros
649 2501 796 2588 (circiter
809 2502 852 2567 85
867 2524 897 2567 a.
911 2503 1007 2588 Chr.)
1024 2506 1208 2586 composuit
1226 2530 1241 2560 ι
1255 2505 1295 2567 de
1310 2505 1393 2566 anti-

272 2611 397 2689 quitate
411 2610 596 2672 litterarum
609 2634 624 2664 »
637 2613 826 2692 inscriptos,
839 2613 1011 2692 quibusda
1023 2614 1215 2676 inventione
1232 2620 1263 2675 et
1278 2630 1393 2692 propa-

272 2718 403 2794 gatione
420 2716 603 2779 litterarum
619 2715 802 2797 exposuit².
819 2718 865 2780 Hi
880 2719 922 2780 ad
935 2720 1110 2782 historiam
1124 2719 1343 2799 pertinebant,
1356 2724 1393 2780 ut

273 2830 339 2885 tres
362 2846 376 2875 <‹
395 2822 436 2885 de
456 2823 585 2901 origine
605 2822 729 2901 linguae
748 2823 860 2886 latinae
878 2850 892 2878 »
911 2820 990 2907 (quo
1011 2833 1157 2906 tempore
1177 2825 1292 2905 scripti
1311 2825 1388 2903 sint,

274 2929 340 2991 dici
354 2947 421 2991 non
435 2925 568 3013 potest),
582 2933 617 2991 in
632 2932 752 3010 quihus
768 2931 949 3012 primordia
959 2940 991 2994 et
1004 2949 1197 3011 progressus
1213 2932 1312 3012 patrii
1327 2948 1393 2992 ser-

273 3038 382 3098 monis
406 3044 598 3116 perseontus
623 3034 705 3099 est⁸.
731 3038 811 3102 Haeo
834 3046 944 3100 antem
969 3038 1032 3101 duo
1058 3056 1157 3119 opera
1179 3056 1286 3118 neque
1311 3037 1392 3099 altas

274 3147 500 3222 grammaticas
521 3149 672 3207 notiones
693 3163 801 3226 nsque
819 3145 925 3209 multa
937 3146 1095 3209 vocabula
1115 3149 1327 3224 grammatica
1342 3164 1392 3207 re·

274 3249 416 3328 quisisse
438 3251 650 3329 perspicuum
671 3259 733 3313 est.
758 3250 877 3314 Omnis
899 3253 1041 3332 operis«
1060 3253 1099 3315 de
1120 3252 1235 3332 lingua
1255 3252 1390 3314 latina»

274 3366 339 3420 tres
355 3364 462 3438 partes
479 3376 513 3419 se
528 3359 646 3420 fecisse
661 3360 834 3439 profitetur
848 3363 919 3441 ipse
935 3359 1038 3422 Varro
1048 3358 1071 3441 ⁴,
1089 3362 1230 3441 primam
1245 3355 1392 3443 (Il-VII)

275 3465 313 3526 de
329 3463 540 3544 etymologia,
559 3464 695 3526 alteram
705 3462 925 3551 (VIII-XIII)
937 3468 977 3530 de
989 3467 1281 3546 declinationibus,
1299 3466 1392 3528 idest

274 3570 314 3632 de
331 3571 544 3652 derivatione,
559 3570 779 3635 declinatione
791 3581 822 3636 et
832 3575 1074 3655 conjugatione,
1089 3575 1219 3636 tertiam
1229 3573 1392 3636 devcrho-

274 3697 347 3739 rum
367 3679 605 3758 compositione
625 3679 680 3742 vel
700 3684 842 3759 syntaxi.
860 3679 885 3739 E
902 3685 999 3742 tertia
1015 3698 1119 3761 pauca
1134 3689 1272 3760 tantum,
1291 3696 1391 3759 eaque

274 3802 386 3864 sparsa
409 3802 446 3846 ac
468 3784 608 3866 minuta,
634 3786 817 3863 fragmenta
841 3788 1072 3867 supersuntll
1097 3792 1205 3868 prima
1226 3786 1392 3865 alteraque

301 4059 321 4096 1.
336 4053 397 4099 Vldo
407 4053 479 4110 inira,
490 4067 513 4111 p.
526 4060 551 4100 19
561 4067 596 4112 sy.

301 4124 320 4159 a.
337 4115 371 4161 Gi.
383 4116 532 4173 Wilmanns,
543 4129 567 4175 p.
579 4124 616 4163 ιιι
628 4129 681 4175 sqq.

300 4185 321 4222 a.
336 4179 379 4233 ld,
389 4191 413 4236 p.
425 4187 463 4225 126
474 4192 528 4237 sqq.

301 4245 321 4285 4,
336 4239 385 4296 Vll,
398 4247 442 4287 110.
453 4242 548 4289 Primus
558 4241 620 4288 liber
630 4245 747 4300 exceptus
758 4245 802 4298 est,
812 4245 840 4292 ut
849 4243 1004 4301 prooeminm.
