2970 4942
618 386 817 452 ..7-

152 539 216 614 est,
241 532 337 612 quin,
362 533 389 593 si
416 531 590 612 paululum
617 532 761 595 Romani
786 531 1007 609 grammatices
1031 532 1273 613 incubuissent,

46 652 58 662 “
153 659 250 702 casus
270 638 386 702 saltem
405 640 494 701 inter
513 658 549 703 sa
569 638 801 703 distinxissont
819 646 853 701 et
872 658 931 701 sua
950 657 1112 721 quemque
1131 639 1275 720 appella-

154 749 247 809 tione
263 743 553 839 designavissent?

200 851 277 917 Non
298 860 408 915 autem
429 853 619 916 mirandum
640 862 701 935 est,
719 872 775 917 eos
795 853 1024 916 inclementis
1044 860 1108 915 tam
1130 852 1187 915 diu
1206 872 1275 917 mo-

153 966 242 1022 ratos
265 978 349 1039 esse,
366 977 441 1021 cum
465 960 553 1040 apud
578 958 721 1040 Graecos,
750 960 899 1024 Platonis
922 966 1029 1036 aetate,
1055 962 1275 1037 grammaticae

154 1085 285 1127 summa
304 1070 339 1126 in
368 1065 523 1128 facultate
547 1064 681 1144 legendi
706 1073 738 1128 et
761 1064 927 1129 scribendi
946 1069 1052 1145 posita
1076 1069 1136 1145 sit,
1162 1071 1275 1145 praeci·

153 1190 286 1254 puaque
308 1191 386 1235 cura
407 1178 443 1235 in
466 1173 650 1237 litterarum
670 1181 787 1236 natura
808 1172 1014 1255 dispicienda
1035 1181 1067 1234 et
1088 1192 1200 1237 earum
1221 1192 1275 1251 ge·

155 1281 291 1341 neribus
316 1279 555 1343 distribuendis
580 1287 613 1342 et
636 1282 805 1344 affinitatis
829 1299 867 1343 ec
891 1280 1118 1360 discrepantiae
1145 1280 1276 1359 legibus

154 1384 365 1464 explorandis
381 1380 561 1465 impensa¹.
573 1385 697 1449 Eadem
712 1405 789 1467 ergo
805 1390 1025 1464 grammatice
1036 1388 1275 1450 initiaiuerunt

153 1499 188 1554 et
201 1492 290 1572 apud
306 1492 437 1557 Grecos
453 1499 486 1555 et
500 1494 588 1574 apud
606 1492 785 1557 Romanos.
804 1492 870 1556 Sed
884 1493 972 1573 apud
985 1492 1062 1555 illos
1078 1498 1219 1574 primum
1234 1495 1275 1557 ad

152 1599 305 1662 altiorem
325 1608 429 1663 artem
448 1609 560 1664 erecta
583 1608 643 1681 est,
665 1600 876 1683 philosophis
898 1609 930 1663 et
949 1600 1119 1682 sophistis,
1138 1600 1275 1664 Platone

154 1709 347 1788 praesertim,
362 1707 514 1788 Prodico,
533 1704 722 1789 Protagora,
737 1708 915 1771 Aristotele
926 1709 998 1787 ejus
1012 1725 1150 1786 regnum
1165 1717 1275 1772 exten·

152 1815 320 1877 dentibus.
345 1814 451 1876 Primi
476 1822 585 1877 autem
610 1813 726 1894 Stoici,
753 1833 827 1878 cum
850 1816 892 1877 ab
915 1815 1184 1877 antecedentibus
1209 1833 1273 1878 non

151 1922 221 1983 nisi
250 1923 374 2002 passim
398 1929 430 1984 et
455 1922 562 1985 obiter
585 1938 694 2002 paucae
718 1922 758 1985 de
786 1921 903 2001 lingue
926 1923 1125 2001 quaestiones
1149 1929 1274 1986 attactas

147 2036 275 2107 essent,
285 2027 372 2091 hanc
382 2029 555 2091 scientiam
566 2029 654 2091 intra
663 2027 883 2109 philosophice
895 2028 1272 2109 suaednesrecipientes,

154 2154 214 2215 per
227 2152 262 2195 se
277 2136 382 2215 ipsam
398 2134 600 2197 tractandam
615 2133 892 2215 excolendamque
907 2135 971 2196 sibi
987 2140 1210 2215 sumpserunt,
1228 2142 1272 2213 et,

152 2265 172 2306 a
186 2245 276 2307 vocis
292 2250 409 2305 natura
422 2260 459 2305 ac
479 2241 739 2323 simplicissimis
754 2242 826 2321 ejus
846 2241 1019 2305 elementis
1040 2242 1188 2321 proiecti,
1207 2259 1274 2304 om-

153 2354 211 2413 nia
228 2350 464 2414 vocabulorum
484 2366 606 2428 genera
627 2350 715 2411 inter
729 2367 764 2411 sa
779 2356 1020 2429 compararunt,
1038 2348 1272 2427 distinxerunt,

153 2439 330 2537 omniaque
357 2456 490 2519 dicendi
516 2461 678 2536 praecepta
702 2456 838 2519 scrutati
862 2463 952 2519 sunt.
978 2454 1070 2516 Inter
1092 2454 1170 2518 illos
1196 2473 1274 2517 vero

153 2564 295 2644 Stoicos,
313 2566 534 2642 grammatice
545 2563 722 2642 studiosos,
735 2563 920 2644 principem
935 2560 1046 2624 locum
1061 2563 1274 2625 obtinuerunt

155 2668 376 2767 Chrysippus,
389 2672 448 2749 qui
462 2670 524 2732 sub
534 2670 635 2732 finem
647 2668 700 2731 ΙΙΙ
716 2668 827 2732 saeculi
844 2676 919 2731 ante
932 2666 1011 2730 Chr.
1025 2675 1151 2729 aetatam
1168 2668 1271 2747 duxit,

151 2778 318 2857 Diogenes
347 2776 566 2858 Babylonius,
597 2777 667 2858 qui,
698 2795 772 2839 cum
802 2774 972 2838 Carneade
999 2783 1031 2837 et
1061 2772 1206 2837 Critolao
1233 2775 1275 2836 ab

153 2885 416 2947 Atheniensibus
431 2885 467 2945 in
488 2881 611 2945 Urbem
632 2888 754 2946 missus
770 2879 850 2965 (155
864 2890 939 2944 ante
956 2877 1066 2964 Chr),
1085 2881 1270 2944 ostentandi

152 3010 251 3056 causa
260 3008 379 3069 magno
391 2998 555 3054 conventu
563 2989 738 3053 hominum
748 2990 976 3052 dissertavisse
988 2997 1019 3051 et
1034 2987 1103 3051 aP.
1117 2987 1272 3069 Scipione

154 3099 322 3180 Africano,
340 3095 378 3159 C.
397 3096 513 3177 Latio,
531 3096 570 3158 L.
589 3095 690 3159 Furio
710 3095 850 3176 aliisque
865 3095 1039 3176 permultis
1054 3096 1185 3158 auditus
1202 3113 1272 3158 esse

153 3204 307 3286 diciturl,
331 3202 445 3289 Crates
466 3205 620 3285 denique,
643 3204 792 3283 ejusdem
809 3202 970 3280 Diogenis
989 3202 1131 3282 auditor,
1154 3201 1273 3283 Perga-

152 3330 257 3374 menae
282 3312 403 3375 scholae
428 3310 561 3389 lumen,
588 3329 686 3392 quem
710 3311 855 3390 primum
878 3310 1097 3387 grammaticae
1126 3309 1271 3372 studium

152 3420 291 3482 Romam
306 3419 460 3481 intulisse
478 3416 656 3480 Suetonius
672 3414 856 3498 opinatur¹.
877 3415 972 3489 «Qui
987 3417 1109 3478 missus
1124 3415 1166 3477 ad
1181 3433 1273 3478 sena-

153 3533 223 3588 tum
237 3526 277 3587 ab
291 3523 403 3588 Attalo
417 3541 507 3605 rege,
524 3527 612 3586 inter
625 3523 807 3585 secundum
823 3541 860 3585 ac
881 3523 1014 3585 tertium
1030 3520 1156 3584 bellum
1177 3523 1273 3601 puni·

152 3649 239 3713 cum,
257 3633 320 3694 sub
334 3632 439 3711 ipsam
450 3629 553 3691 Ennii
568 3627 740 3707 mortem⁴,
758 3630 977 3707 ctrinregione
994 3628 1126 3709 Palatii,
1145 3629 1273 3708 prolap-

151 3759 207 3803 sus
229 3740 266 3800 in
287 3738 405 3802 cloacae
428 3738 588 3819 foramen,
615 3756 690 3800 crus
711 3738 875 3819 fregisset,
897 3755 957 3816 per
978 3754 1074 3799 omne
1096 3734 1272 3814 legationis

177 4014 197 4050 1.
212 4006 322 4062 Classen,
334 4008 367 4052 Dc
376 4017 455 4064 pruni.
466 4017 536 4065 prmo.
546 4002 679 4064 primord..
689 4017 712 4061 p.
723 4012 742 4050 5.

177 4079 197 4112 a.
213 4069 273 4120 Cio,
283 4069 317 4113 De
328 4069 405 4120 Orat,
416 4069 444 4123 ll,
455 4073 488 4122 tr,
501 4074 539 4111 151
550 4080 600 4124 sq.;
611 4067 682 4119 ticli,
695 4067 730 4122 lli,
742 4072 773 4112 tt.

176 4137 196 4235 Ξ.
213 4131 320 4237 ξωοέιῗίθ
330 4190 417 4238 Christ.
428 4191 463 4238 cf.
473 4191 486 4237 J
488 4190 574 4247 ullien,
583 4189 598 4237 l.
610 4202 639 4244 c,
649 4203 672 4248 p.
684 4195 723 4235 etc
733 4201 786 4248 sqq.
801 4240 805 4247 ,
