2970 4942
581 422 804 488 „25-

128 570 379 631 observationes
401 567 441 630 de
462 567 578 647 lingua
602 576 634 630 et
652 571 866 646 grammatica
880 571 1011 648 sparsit,
1029 586 1168 648 quarum
1182 568 1254 631 haee

130 675 282 756 exempla
295 674 384 755 apud
400 673 591 738 Charisinm
606 674 901 758 deprehenduntur
917 696 925 737 :
945 700 960 732 α
982 675 1049 739 Sed
1065 676 1172 757 Asper
1189 696 1197 738 z
1216 674 1253 738 Si

128 787 317 862 genetivus,
335 784 454 862 inquit,
475 806 490 838 «
504 783 655 845 omnium
673 807 687 837 »
705 785 717 842 ι’
731 783 876 845 litteram
891 792 1009 845 natura
1022 783 1154 863 retinet,
1172 789 1204 846 et
1217 785 1252 845 in

129 892 318 952 accusativo
343 908 416 953 esse
437 889 631 952 servandam
649 915 665 944 ι
683 886 731 973 (p.
757 887 847 973 140).
877 914 892 945 ‹
910 891 1018 970 Asper
1032 892 1079 952 alt
1096 909 1104 952 r
1126 896 1255 953 vetuste

133 1019 148 1047 «
178 994 310 1057 obviam
338 995 430 1057 luere
460 1020 492 1075 ι,
524 995 680 1059 adverbio
714 996 832 1059 maluit
865 996 915 1058 uti
944 1013 1043 1076 quam
1076 996 1211 1059 nomine
1236 1021 1251 1049 »

130 1097 180 1182 (p.
201 1097 311 1184 ΞΟ9)“,
330 1100 397 1164 Sed
418 1105 575 1182 pauciora
597 1110 775 1183 supersunt
797 1103 868 1183 ejus
893 1103 1086 1183 fragmenta,
1104 1120 1203 1184 quam
1218 1112 1255 1165 ut

129 1208 260 1289 aliquId
282 1210 323 1272 ad
342 1230 453 1274 meum
472 1210 625 1275 libellum
644 1231 683 1274 er
703 1215 745 1275 iis
765 1212 963 1275 curileratur.
987 1210 1087 1273 Illum
1109 1219 1255 1275 osterum

130 1318 196 1379 sub
210 1318 312 1378 finem
327 1316 360 1379 II
379 1325 412 1380 et
425 1318 523 1381 Initio
540 1317 592 1379 III
609 1319 724 1382 saeouli
738 1322 873 1401 risisse,
891 1339 998 1399 nuper
1017 1320 1253 1381 Lernusmrmr

129 1422 333 1487 oontendiP.

103 1542 105 1545 ’
179 1529 253 1602 Quo
277 1538 423 1612 tempora
444 1531 592 1594 floruerit
615 1530 733 1594 Velius
757 1530 903 1612 Longus,
928 1540 1037 1595 utrum
1064 1535 1098 1594 in
1113 1531 1252 1595 mediol

129 1636 255 1700 saeonlo
270 1646 344 1719 post
359 1636 472 1718 Chr.³,
490 1657 531 1702 an
553 1641 615 1703 sub
636 1639 778 1720 Trojano
798 1648 831 1703 et
851 1638 1049 1716 HadrIauo⁴,
1067 1640 1191 1719 pariter
1205 1642 1255 1699 iu·

130 1753 260 1807 eertum
281 1753 341 1808 est.
363 1745 445 1826 EJ'us
460 1749 689 1810 commentarii
712 1771 727 1801 «
746 1746 785 1808 de
807 1765 869 1809 usu
891 1747 1035 1826 antiquae
1051 1742 1220 1808 lectionis⁶
1238 1766 1253 1797 »

130 1860 166 1914 et
178 1876 194 1908 ‹
213 1849 398 1914 Aeneidos‘
417 1877 431 1906 »
450 1855 630 1931 perierunt.
649 1851 762 1915 Exstat
777 1860 886 1914 auteur
902 1850 1099 1933 opuseulum
1117 1875 1131 1904 ι
1150 1850 1190 1913 de
1205 1867 1256 1913 or-

131 1959 333 2040 thographia
346 1984 375 2040 »,
394 1979 432 2022 ex
447 1977 512 2040 quo
526 1959 654 2039 aliquot
669 1958 828 2022 vocabula
843 1959 1043 2039 deprompsi.
1062 1957 1127 2019 Per
1142 1974 1257 2019 omues

130 2073 244 2146 partes
266 2064 344 2127 libri
365 2065 566 2128 multarum
591 2064 709 2128 Scauri
733 2066 1013 2145 disputationibus
1030 2067 1252 2141 consentiunt,

129 2191 196 2234 neo
221 2180 327 2252 potest
350 2173 507 2251 dubitari,
532 2177 615 2253 quin
633 2197 648 2227 «
664 2177 808 2234 niaxima
826 2173 898 2252 ejus
914 2188 1094 2235 consensus
1116 2188 1191 2251 pars
1215 2170 1256 2231 ab

132 2280 379 2359 antiquioribus
401 2279 591 2343 auctoribus
612 2275 811 2359 (prasertim
832 2278 950 2353 Verrio
975 2273 1117 2361 Flacco),
1135 2279 1193 2358 qui
1215 2274 1255 2338 de

133 2386 257 2449 iisdem
270 2387 368 2449 rebus
384 2389 595 2468 scripserant,
609 2386 787 2467 repetenda
803 2383 864 2447 sit⁷
883 2411 912 2449 ».
931 2385 972 2447 ln
986 2405 1048 2448 usu
1063 2403 1141 2448 vero
1159 2409 1173 2438 «
1192 2392 1256 2446 ter-

132 2498 302 2557 minorum
319 2516 334 2547 ι
357 2499 646 2573 grammaticomm
666 2495 747 2576 quid
765 2494 883 2557 Velitis
898 2498 940 2556 iis
955 2494 1116 2574 debuerit,
1135 2492 1257 2573 deudi-

133 2605 204 2665 cari
225 2619 292 2663 non
314 2608 433 2682 potest.
458 2601 531 2664 Hor
553 2607 679 2662 tantum
700 2600 882 2663 verisimile
907 2608 967 2682 est,
985 2600 1073 2680 quod
1098 2603 1198 2662 etiam
1217 2600 1256 2661 de

133 2708 243 2787 Aspro
258 2708 357 2789 valet,
375 2727 462 2789 eum,
481 2726 556 2772 oum
578 2727 646 2771 non
668 2717 772 2771 artem
797 2716 1018 2789 oonrponeret,
1038 2711 1073 2769 in
1089 2705 1257 2771 vocabulis

136 2839 154 2869 α
171 2812 334 2877 teobniois
353 2838 368 2869 »
385 2815 586 2896 usurpandis
601 2815 688 2878 nibIl
703 2819 782 2878 novi
797 2814 959 2896 attulisse,
973 2824 1005 2877 et
1021 2814 1256 2894 Palaemonem,

134 2928 173 2982 ut
187 2922 283 3001 eujus
297 2941 350 2983 ars
366 2921 564 2986 sobolastioa
580 2930 678 3002 esset,
697 2930 847 2986 seoutum
863 2940 947 2985 esse.

181 3027 276 3090 Idem
300 3028 339 3090 de
365 3026 473 3108 Capro
497 3033 627 3110 opinor,
653 3047 752 3108 quem
782 3029 843 3092 sub
867 3030 966 3091 finem
991 3029 1061 3091 Iere
1086 3026 1121 3088 11
1146 3024 1258 3088 saeouli

133 3143 265 3199 aetatem
289 3140 396 3214 egisse
413 3144 552 3215 constat,
569 3144 643 3217 post
666 3136 812 3199 Probum
834 3134 1020 3216 Berytium,
1038 3152 1104 3215 quo
1124 3142 1259 3196 auotore

15 3244 20 3251 '
102 3322 105 3328 Δ
134 3260 217 3304 usus
232 3249 293 3320 est,
319 3249 350 3304 et
371 3250 448 3304 aute
468 3241 600 3304 dullum
621 3242 819 3322 Romanum,
838 3260 857 3303 a
877 3258 943 3321 quo
965 3245 1087 3322 saepius
1109 3242 1259 3301 nomina-

136 3346 226 3409 tur⁸.
252 3347 344 3411 Duos
367 3347 469 3412 libros
494 3349 614 3430 edidit,
641 3368 745 3411 unum
774 3373 789 3403 «
813 3348 852 3411 de
876 3347 1092 3427 latinitate»,
1118 3344 1258 3407 alterum

139 3479 154 3509 ι
170 3455 210 3517 de
226 3455 336 3517 dubiis
351 3446 529 3536 generibus
547 3480 576 3537 ι,
599 3457 772 3536 inquibus
797 3454 941 3536 plurima
965 3453 1078 3518 Plinio
1099 3461 1131 3515 et
1150 3451 1258 3515 Probo

164 3669 398 3727 r.CI.K.I,p.rro.

163 3738 183 3777 a
200 3733 235 3777 De
248 3733 389 3778 Pressuram
403 3732 552 3790 scriptorum
566 3729 625 3777 loeis
641 3743 657 3776 a
671 3731 756 3777 Seruio
770 3729 863 3783 attritis,
879 3729 904 3776 in
919 3731 1047 3776 detumeat.
1063 3726 1147 3786 plrtlol.
1162 3729 1259 3773 Ianua.

135 3796 217 3849 (1890),
227 3794 267 3848 IV,
278 3806 301 3850 p.
311 3801 349 3838 401
362 3807 415 3851 sqq.
443 3839 446 3845 ,

163 3862 184 3901 a.
200 3855 228 3902 0.
240 3856 351 3909 I'rmIrde.
363 3858 395 3902 De
405 3857 429 3902 0.
440 3855 507 3901 Iulio
517 3855 635 3906 duareno,
645 3867 669 3912 p.
680 3860 729 3900 oro.

162 3925 185 3964 4.
200 3918 356 3968 Graelenhan.
368 3917 383 3964 ί.
395 3930 424 3971 a,
434 3930 459 3976 p.
469 3926 503 3974 ss,
516 3925 562 3974 ras,
573 3922 633 3972 otc.;
643 3919 672 3965 Ii.
683 3918 733 3973 I'II,
744 3929 767 3975 p.
779 3923 813 3962 It.

162 3985 183 4026 5.
202 3980 274 4034 tietb,
284 3981 366 4035 XVIII,
376 3988 396 4025 e.

127 4054 130 4057 ·
164 4043 465 4102 ordbarIs.,II.I‚p.175.

163 4109 185 4149 t.
201 4106 228 4152 II.
240 4106 291 4156 VII.
301 4117 325 4162 p.
336 4112 380 4150 Ia.

164 4174 185 4214 8.
201 4169 229 4215 G.
240 4167 302 4223 Keil,
312 4170 347 4214 De
356 4167 424 4214 rrae.
436 4170 518 4226 Capro
532 4168 694 4226 praetrarotr'eo
709 4168 877 4223 Quaeetiouum
892 4167 973 4224 capito
985 4167 1014 4220 II,
1025 4165 1050 4210 iu
1061 4164 1163 4210 Dissert
1174 4160 1260 4221 philol.

137 4230 247 4286 Helena,
258 4232 366 4287 libeat),
376 4243 401 4288 p.
414 4235 511 4285 rso-tou
526 4230 701 4286 ImmmerbIrt,
711 4228 726 4275 t.
738 4241 766 4282 a,
778 4242 801 4288 p.
812 4236 860 4276 aas.
