2970 4942
703 437 924 500 ,97)-

296 583 389 646 lllnd
404 591 512 645 autem
527 583 621 662 quasi
637 599 810 645 commune
826 599 909 662 opus
924 582 1052 662 primus
1067 578 1187 642 litteris
1202 580 1374 642 mandavit

252 690 424 753 Remmius
440 687 622 769 Palaemon,
641 689 696 752 cui
710 687 789 750 inde
804 687 878 751 laus
893 690 1114 766 grammatioae
1129 685 1270 766 alicujus
1285 687 1377 766 apud

252 798 388 859 Latinos
398 796 521 876 linguae
532 795 689 858 absolutae
700 796 769 859 iere
781 805 813 858 et
828 803 1063 858 consummate
1074 794 1212 857 fortasse
1222 793 1374 856 dehetm.

252 903 404 966 Mulieris
419 921 530 984 verna,
548 901 607 965 ille
622 902 764 965 herilem
779 903 887 965 filium
901 902 982 965 dum
997 901 1216 964 comitaturin
1227 899 1374 978 scholas,

251 1011 378 1074 litteras
402 1010 580 1088 didicerat3
615 1019 727 1090 postea
753 1009 991 1089 manumissus,
1024 1007 1151 1070 Tiherii
1179 1016 1211 1070 et
1239 1005 1377 1069 Claudii

251 1118 453 1197 temporibus
467 1117 578 1178 docuit
593 1115 707 1178 Romen
729 1135 767 1180 ao
782 1117 967 1198 principem
986 1114 1097 1178 locum
1112 1118 1199 1177 inter
1212 1131 1378 1192 gramma-

250 1224 333 1286 ticos
350 1226 456 1284 tenuit
466 1221 488 1284 ¹.
505 1221 664 1286 Provecta
675 1224 745 1302 J'am
760 1230 867 1300 aetate,
884 1227 1012 1285 intera.
1030 1218 1070 1285 77
1083 1230 1116 1285 07
1131 1219 1171 1285 87
1183 1230 1258 1302 post
1269 1219 1352 1284 Chr.
1366 1220 1379 1251 ⁹

251 1338 354 1391 artem
368 1332 613 1407 grammaticam
626 1327 680 1391 vel
696 1333 829 1409 scripsit
847 1330 901 1393 vel
921 1327 1036 1409 edidit,
1059 1332 1096 1389 in
1116 1346 1180 1408 qua
1203 1325 1243 1390 C.
1265 1327 1376 1389 Plinii

251 1435 399 1499 Secundi
424 1460 438 1490 ι
463 1436 557 1498 duhii
586 1439 749 1498 sermonis
776 1459 791 1490 »
818 1434 922 1498 libros
951 1442 984 1496 et
1007 1433 1191 1496 doctrinam
1219 1434 1375 1515 pluribus

248 1543 331 1606 locis
353 1538 529 1605 laudavit⁸.
554 1542 684 1615 Quanta
706 1560 783 1606 mox
803 1546 839 1605 iu
859 1546 1052 1605 auctoritate
1073 1541 1159 1604 liher
1189 1540 1248 1604 ille
1271 1541 1377 1604 fuerit

248 1650 302 1714 vel
318 1668 383 1712 uuo
398 1650 461 1713 hoc
476 1649 498 1712 J
500 1651 649 1712 uvenalis
662 1670 760 1714 versu
776 1650 994 1714 demonstrari
1010 1657 1116 1730 potest
1133 1670 1141 1711 ι

382 1876 1111 1896 ..................
1139 1833 1195 1889 Odi

376 1924 461 1979 Hanc
477 1939 531 1997 ego
548 1941 613 1994 quae
628 1924 733 1995 repetit
746 1924 894 1996 volvitque
910 1922 1084 1979 Palaemonis
1098 1924 1217 1979 artem⁴.

293 2093 368 2156 Non
389 2093 512 2174 maJore
537 2092 684 2172 protecto
706 2096 811 2172 gratia
832 2110 913 2155 usus
937 2100 986 2155 est
1009 2094 1097 2173 apud
1122 2094 1267 2174 aequales
1293 2113 1375 2158 suos

247 2207 360 2264 noster
372 2199 571 2279 Vardanis,
588 2199 647 2261 sed
661 2208 782 2280 quanto
797 2199 873 2280 plus
889 2200 993 2263 valuit
1007 2200 1095 2281 apud
1105 2209 1253 2281 posteros
1270 2202 1374 2265 Rem·
1475 2212 1476 2219 ’

247 2310 335 2370 mius
351 2303 542 2368 Palaemou!
562 2303 688 2369 Omitto
705 2305 963 2387 Quintilianum,
980 2325 1079 2386 quem
1093 2307 1197 2370 luisse
1213 2308 1285 2388 ejus
1302 2309 1372 2372 dis-

249 2414 398 2496 cipulum
411 2432 487 2476 mox
502 2416 776 2478 commemorabo.
793 2415 908 2478 Artem
926 2432 1005 2477 vero
1025 2414 1238 2498 Palaemonis,
1257 2422 1373 2480 statim

248 2527 283 2582 in
299 2519 423 2584 scholis
444 2530 647 2602 usurpatam,
665 2520 743 2583 inde
765 2540 785 2582 a
808 2521 842 2583 Il
865 2529 939 2603 post
962 2520 1044 2584 Chr.
1069 2522 1191 2585 saeculo
1207 2527 1372 2604 usquead

248 2637 393 2691 extrema
420 2634 568 2709 tempora
596 2631 729 2709 imperii
754 2633 881 2692 romani
909 2646 1008 2691 nemo
1038 2628 1106 2692 lere
1134 2635 1371 2708 grammaticus
1471 2706 1472 2709 Ἴ

248 2736 322 2816 fuit,
349 2738 429 2815 quin
452 2734 569 2814 adiret,
600 2745 800 2816 excerperet,
818 2734 1024 2817 compilaret.
1050 2735 1103 2798 Ab
1127 2754 1165 2798 ea
1189 2736 1369 2820 scaurusr,

247 2840 444 2923 Romanus⁶,
479 2840 725 2922 Cominianus⁷,
758 2843 944 2925 Charisius,
975 2844 1143 2926 Donatus,
1174 2844 1369 2928 Diomedes,

9 2888 375 3013 &mprobus
400 2948 532 3011 minor⁸
554 2954 695 3013 mutuati
721 2957 814 3028 sunt,
848 2950 972 3033 aliique
1001 2955 1224 3032 grammatici,
1253 2955 1280 3015 si
1309 2959 1371 3033 qui

246 3058 446 3118 Pal-:emonis
461 3055 584 3118 librum
599 3060 665 3137 ipsi
681 3076 740 3120 sua
753 3076 853 3120 manu
874 3075 941 3120 non
956 3057 1162 3140 evolverunt,
1181 3076 1198 3121 e
1219 3058 1371 3122 fontibus
1466 3094 1468 3125 7

247 3170 355 3225 tamen
369 3161 561 3239 hauserim,
578 3166 638 3242 qui
653 3163 694 3224 ah
704 3180 742 3224 eo
757 3163 959 3227 derivabant.
973 3163 1084 3242 Atque
1100 3162 1172 3225 haec
1187 3167 1258 3244 ipsa
1269 3181 1372 3227 causa

245 3270 320 3350 fuit,
339 3286 398 3332 our
419 3268 616 3330 Remmiana
639 3288 691 3330 ars
715 3270 757 3331 ad
780 3287 841 3331 uos
865 3287 932 3331 non
955 3272 1156 3350 perveniret.
1183 3269 1267 3334 Nam
1292 3288 1371 3335 cum

245 3372 447 3436 Palaemonis
471 3382 634 3455 praecepta
660 3377 697 3435 in
720 3373 824 3437 lihros
852 3379 1073 3455 posteriorum
1100 3376 1370 3458 artigraphorum

244 3481 426 3562 fluxissent,
451 3480 491 3542 ad
513 3484 658 3561 primum
679 3482 802 3544 iontem
825 3499 994 3545 recurrere
1015 3500 1297 3563 supervacaneum
1319 3489 1370 3547 ri·

272 3740 292 3777 1.
307 3732 416 3787 Sunion,
426 3731 442 3778 l.
454 3746 484 3782 0.,
494 3739 528 3778 777.

270 3799 291 3838 7.
307 3793 442 3848 Morsclmll,
458 3795 491 3840 De
505 3796 529 3849 Q.
547 3794 650 3840 decentii
667 3792 816 3840 Palaemonio
833 3793 889 3840 libr.
906 3799 1037 3852 pronioris-t.
1056 3797 1136 3851 (18877,
1153 3809 1176 3854 p.
1193 3801 1220 3842 83
1233 3808 1271 3854 su.
1290 3797 1372 3844 utitor

243 3855 386 3911 Nottleslrip.
396 3855 422 3901 id
436 3858 472 3901 est
486 3855 552 3901 inter
566 3869 588 3901 u.
598 3861 624 3900 st
635 3861 659 3901 et
668 3862 692 3901 77
704 3869 710 3898 ι
726 3854 756 3901 cf.
769 3856 879 3912 Bursian,
889 3856 1078 3912 luttrerterictt,
1090 3857 1182 3904 txvlll
1192 3859 1272 3914 (1892),
1284 3870 1308 3916 p.
1321 3864 1370 3908 1³⁸.

270 3923 290 3962 a.
306 3917 443 3972 Morschall,
453 3916 470 3963 t.
481 3929 510 3970 0.,
520 3929 545 3975 p.
556 3923 590 3963 83.

269 3985 290 4025 t.
306 3979 352 4024 Sat.
363 3979 403 4034 Vl,
414 3984 461 4023 757,

269 4048 290 4089 a.
307 4041 341 4089 Cf.
353 4042 441 4098 Meyer,
451 4043 539 4097 Quaert.
549 4044 680 4100 prootmot.
691 4039 824 4089 adsconri
833 4046 911 4089 ortem
920 4042 1063 4091 restituenti.
1075 4048 1191 4103 spectant.
1203 4046 1285 4100 (1885).

270 4112 291 4150 o.
306 4104 442 4161 llarsclnll,
453 4104 469 4150 t.
481 4116 509 4158 o,
520 4116 545 4162 p.
556 4110 590 4161 tt,
601 4111 635 4162 tr,
645 4110 671 4150 at
681 4117 718 4162 sq.

271 4173 291 4212 7.
306 4166 349 4219 Id..
361 4179 384 4222 p.
395 4173 428 4213 to.

269 4229 574 4288 ahwpmmflm
