2970 4942
568 437 790 500 ..21-

121 598 193 640 sum
208 587 268 660 est,
285 597 347 642 nec
358 580 427 660 jam
445 598 463 641 a
478 580 584 644 doctis
598 580 748 643 adhibita
761 600 814 643 ars
835 584 985 659 magistri
1000 585 1110 662 periit.
1131 578 1238 661 Opus·

119 684 231 746 culum
247 690 336 747 enim
351 686 439 766 quod
453 685 613 749 hahemus
638 711 652 740 c
676 686 877 750 Palaemonis
896 705 949 749 ars
974 710 989 740 ι
1013 691 1205 768 inscriptum
1221 708 1240 749 a

120 791 260 868 quodam
284 794 407 854 intimae
430 796 536 856 aetatis
562 792 666 856 sciolo
686 795 901 872 neglegenter
923 799 1138 875 compositum
1168 813 1239 857 esso

120 914 184 958 uon
197 897 267 976 jani
291 898 584 962 demonstrandum
607 897 688 961 est¹.
713 900 783 964 Nec
800 911 905 963 tanren
922 904 1058 963 omnino
1074 904 1240 963 nescimus

119 1004 213 1085 quale
238 1005 339 1067 fuerit
354 1005 555 1069 Palaemonis
571 1026 666 1087 opus.
694 1007 778 1068 Nam
803 1011 890 1068 iuter
911 1007 983 1086 ejus
1005 1006 1238 1087 compilatores

118 1130 203 1174 imus
218 1112 347 1192 saltem,
367 1111 552 1193 Charisius,
570 1124 738 1176 auctorem
754 1133 851 1175 suurn
871 1117 1055 1176 nominavit
1075 1123 1118 1193 et,
1140 1124 1177 1176 ut
1191 1119 1239 1177 vi·

119 1218 230 1299 detur,
258 1219 403 1284 fideliter
427 1226 594 1302 excripsit.
624 1223 733 1296 Quare
754 1221 808 1283 his
837 1227 994 1302 proximis
1017 1226 1115 1285 aunis
1142 1223 1239 1284 multi

118 1343 187 1388 sese
202 1326 242 1389 ad
259 1327 406 1389 lahorem
421 1332 632 1390 accinxerunt
647 1335 679 1389 et
695 1326 853 1406 Charisii,
871 1327 1054 1405 Diomedis,
1072 1327 1237 1407 Dosithei,

117 1433 257 1495 alioruin
273 1453 372 1513 opera
386 1444 640 1516 perscrutantes,
660 1439 900 1512 investigarunt
915 1454 987 1515 qum
1000 1454 1019 1496 a
1036 1435 1236 1515 Palaemone,

118 1560 188 1621 qum
219 1543 262 1603 alt
292 1541 367 1604 aliis
395 1544 563 1606 veteribus
586 1547 808 1620 grammaticis
836 1547 1037 1623 posteriores
1066 1542 1238 1624 depromp-

117 1652 248 1713 sissent.
272 1649 329 1712 Sic
348 1666 421 1730 quae
441 1650 542 1712 fuerit
567 1649 768 1711 Palaunonis
793 1650 907 1728 lingua
926 1674 939 1704 α
958 1649 1111 1712 teclmica
1127 1674 1141 1702 ι
1159 1668 1239 1729 qno-
1261 1706 1265 1713 .

117 1756 189 1818 dam
214 1756 314 1819 modo
339 1756 472 1819 deliniri
498 1765 616 1837 potest.
643 1757 711 1819 Sed
736 1756 849 1821 doctos
872 1774 955 1836 quos
984 1761 1237 1818 commemoravi

118 1870 313 1926 scrutatores
339 1868 470 1926 incaute
495 1867 590 1943 sequi
610 1881 738 1941 magma
760 1868 802 1927 sit
825 1864 1069 1945 imprudentior.
1091 1863 1234 1941 Etenim,

118 1970 193 2032 dum
210 1971 343 2033 adeum
364 1974 625 2050 grammaticum,
646 1970 685 2032 de
707 1990 772 2051 quo
793 1982 956 2051 quierunt,
979 1990 1077 2052 qrram
1098 1970 1239 2051 plurima

118 2077 236 2140 referre
255 2077 399 2156 student,
417 2076 515 2140 facile
530 2079 571 2139 ad
587 2077 622 2138 id
643 2077 821 2153 ducuntur,
839 2088 874 2140 ut
890 2077 1029 2159 plurari
1045 2077 1235 2155 attribuant,

117 2202 213 2263 quam
229 2201 305 2247 cum
319 2188 468 2247 veritatis
483 2189 593 2265 specie
614 2183 723 2248 liceat.
742 2184 825 2247 lude
844 2186 880 2246 lit
901 2194 935 2245 ut
952 2187 1037 2245 inter
1052 2202 1086 2244 se
1101 2185 1237 2244 minime

119 2294 337 2370 consentiant,
361 2290 464 2370 velut,
490 2299 525 2352 ut
550 2290 699 2371 exemplo
727 2299 812 2371 utar,
841 2289 986 2353 Charisii
1011 2299 1107 2371 caput
1129 2288 1157 2369 l,
1183 2286 1235 2365 lo,

119 2393 244 2458 Cuarsr
255 2395 361 2477 Capro
373 2396 499 2475 triltuit,
512 2395 711 2458 Mrnscmuc
726 2395 916 2475 Palrunioni,
928 2397 1076 2458 Romano
1087 2412 1236 2473 magnam

117 2513 243 2582 partem
264 2504 377 2566 deheri
398 2504 457 2565 alii
477 2504 691 2584 contendunt,
709 2514 829 2582 negant
849 2502 937 2566 alii¹.
956 2506 1063 2584 Atque
1079 2521 1118 2565 eo
1132 2506 1237 2581 magis

118 2610 156 2671 de
176 2611 366 2673 Palaemone
388 2611 570 2674 cavendum
591 2618 651 2691 est,
674 2612 762 2692 qnod
777 2613 849 2692 ejus
869 2630 921 2673 ars
935 2611 977 2674 ad
996 2630 1093 2672 usum
1110 2608 1237 2672 schola-

118 2737 188 2779 rum
212 2716 357 2796 singulis
382 2718 512 2781 saeculis
538 2737 606 2781 uon
629 2720 868 2782 accommodari
894 2737 960 2780 non
984 2721 1102 2798 potuit,
1126 2716 1159 2777 iil
1188 2725 1237 2777 est

118 2827 270 2887 omnihus
299 2826 407 2887 modis
437 2830 615 2906 corrumpi.
646 2827 762 2907 Itaque
791 2830 826 2887 in
855 2824 1023 2888 vocabulis
1053 2823 1236 2886 Palaemoni

117 2933 335 2995 attribuendis
351 2931 437 2993 hanc
452 2931 558 3010 legem
578 2932 663 2994 mihi
679 2937 835 3013 imposui,
858 2940 893 2993 ut
913 2935 948 2992 in
964 2948 1099 2993 censum
1114 2950 1153 2992 ea
1167 2938 1236 2992 tan·

120 3046 186 3100 tum
199 3056 363 3119 vocarem,
387 3056 459 3119 quae
475 3043 572 3101 certis
587 3048 736 3101 veterum
751 3042 950 3102 testimoniis
972 3039 1012 3099 alt
1028 3056 1065 3099 eo
1081 3043 1237 3117 usurpata

118 3145 218 3208 luisse
235 3147 390 3208 affirmari
404 3155 525 3225 posset,
538 3165 573 3208 re
586 3149 658 3226 ipsa
672 3147 739 3208 fere
750 3164 823 3225 quae
836 3144 1072 3218 aQuintiliano
1087 3144 1238 3206 accurata

118 3261 192 3315 sunt
208 3263 264 3315 aut
280 3258 315 3316 in
330 3253 385 3315 his
400 3252 483 3316 locis
499 3252 645 3316 Charisii
667 3252 970 3334 deprehenduntur,
993 3253 1114 3332 quihus
1133 3230 1236 3312 Patar-

117 3378 193 3422 mon
214 3362 410 3423 nominatim
429 3358 610 3423 laudatur⁸.
634 3360 715 3433 Quae
734 3359 892 3422 vocabula
906 3358 1061 3439 pleraque
1077 3376 1181 3438 usque
1196 3358 1237 3419 ad

119 3467 324 3531 Priscianum
341 3475 377 3531 in
391 3488 455 3531 nsn
471 3477 673 3549 manserunt,
691 3477 728 3531 ut
742 3467 919 3547 coirjectari
930 3470 1033 3548 possit
1047 3485 1119 3528 oeni
1134 3466 1236 3527 fuisse

147 3753 163 3789 ι.
179 3746 232 3791 lieil
243 3747 271 3799 V,
282 3758 306 3802 p.
315 3752 363 3791 aar.

144 3816 164 3850 r.
181 3808 307 3852 ullaxiura
321 3809 347 3853 in
362 3811 409 3855 hoc
424 3821 516 3863 genere
531 3821 611 3866 nuper
622 3807 712 3855 errarit
726 3806 903 3857 llarsclrallius,
914 3806 965 3863 qui,
981 3805 1008 3850 ln
1023 3804 1194 3850 dissertatione
1207 3803 1237 3848 de

119 3868 222 3914 ltemmii
237 3869 383 3916 Palaemonis
399 3871 468 3917 lihris
483 3871 650 3927 grammaticis
666 3870 792 3927 inscripta,
803 3869 907 3916 Charisii
921 3871 1015 3928 primos
1027 3870 1076 3912 tros
1090 3865 1165 3911 lihros
1175 3868 1238 3910 totos

119 3927 169 3975 lere
179 3931 310 3977 Palaemoni
322 3932 439 3978 vindicat.
452 3950 462 3971 ι
475 3935 511 3988 (G.
522 3933 585 3986 lieil,
596 3933 697 3978 Dissert.
709 3930 793 3979 Ptttot.
806 3930 905 3977 Heleni.
915 3932 944 3985 Χ,
955 3942 978 3987 p.
992 3934 1039 3983 rte,
1048 3929 1065 3974 i.
1076 3931 1111 3981 n.)

144 3998 164 4035 a.
179 3992 370 4039 Schottmuollcr
386 3995 429 4040 (De
446 3996 470 4039 C.
490 3994 566 4040 Plinii
581 3992 688 4040 Secundi
703 3992 758 4038 libr.
777 3998 919 4051 precipiat)
934 3992 1075 4037 observavit
1094 3988 1238 4035 l’alretnonis

24 4060 27 4065 '
119 4065 172 4099 ram
189 4054 308 4111 loquendi
323 4055 528 4102 consuetudinem
545 4056 629 4113 fuisse,
641 4061 667 4103 ut
683 4055 804 4112 oxomplis
814 4058 856 4100 aut
866 4066 880 4099 a
890 4053 1051 4111 scriptoribus
1065 4051 1146 4109 potitis
1156 4053 1198 4095 aut
1208 4050 1238 4095 ali

120 4114 171 4170 ipso
187 4116 250 4162 llctis
267 4116 378 4161 «velut-
395 4117 598 4175 conjunctionem
612 4129 722 4176 persiano
741 4119 904 4173 preponeret.
919 4115 978 4161 Indo
993 4114 1093 4172 quidam
1108 4112 1156 4158 loci
1173 4111 1239 4167 apua

119 4176 254 4223 (liarisium
269 4178 324 4224 sinc
339 4178 440 4224 nomina
455 4181 563 4225 auctoris
578 4178 711 4225 l'alaemoui
721 4193 735 4224 ιι
745 4177 949 4224 Schottniueltsro
961 4180 984 4222 ot
995 4175 1049 4223 alils
1064 4175 1238 4220 attribuuntur.

120 4238 150 4282 lto
161 4251 210 4296 qua
219 4240 339 4299 opinione
348 4253 371 4285 v.
383 4241 455 4297 iufra,
464 4253 487 4301 p.
495 4249 521 4290 98
532 4253 569 4299 sq.
662 4250 665 4255 ’
