2970 4942
625 747 681 811 De
701 744 978 820 grammatica.

286 999 401 1077 Ipsum
416 1015 537 1059 nomen
552 999 758 1074 grammatica
772 1015 791 1057 a
806 993 931 1058 Graecis
946 996 1081 1057 Latinos
1095 1003 1261 1059 mutuatos
1277 1015 1378 1077 esse,

241 1122 345 1183 eoque
361 1102 453 1165 aliud
467 1103 555 1184 apud
569 1112 696 1165 veteres
711 1107 884 1183 utriusque
899 1100 1023 1180 linguae
1040 1106 1214 1183 scriptores
1229 1120 1302 1166 esse
1322 1108 1379 1165 si-

242 1211 444 1289 gnificatum,
462 1210 554 1272 aliud
572 1209 734 1272 hodierno
752 1210 805 1271 die
820 1209 906 1289 apud
921 1213 1132 1287 recentiores,
1151 1209 1206 1271 hio
1222 1228 1381 1272 comme-

241 1335 368 1378 morare
382 1335 450 1379 non
460 1335 542 1397 opus
553 1326 603 1379 est
613 1311 634 1378 ¹.
646 1315 748 1394 Legat
760 1315 907 1378 Cnessnu
919 1314 941 1396 ²,
959 1319 987 1379 si
1002 1319 1076 1396 quis
1086 1315 1247 1378 humilem
1261 1317 1381 1396 hujus

243 1429 387 1486 scientiae
417 1428 581 1502 originem
608 1433 757 1504 repetere
791 1432 823 1486 et
854 1428 962 1485 varias
990 1427 1026 1484 in
1060 1422 1188 1486 Graecia
1214 1423 1381 1486 fortunas

242 1533 394 1610 persequi
414 1530 515 1593 volet.
543 1529 640 1604 Quod
660 1534 803 1611 pertinet
825 1530 865 1591 ad
889 1530 1035 1610 Latinos,
1061 1534 1249 1592 meminerit
1273 1529 1382 1593 hunc

244 1663 258 1690 «
281 1642 431 1699 oratoria
450 1634 692 1699 institutionis⁸
717 1661 732 1691 »
757 1636 879 1717 locum,
910 1640 946 1698 in
972 1654 1036 1716 quo
1057 1655 1124 1699 non
1149 1641 1221 1698 sine
1251 1635 1383 1716 aliqua

241 1744 498 1824 reprehensione
530 1752 561 1807 et
590 1745 730 1825 quadam
759 1748 853 1823 qnasi
881 1745 1009 1805 invidia
1041 1742 1267 1817 Quintilianus
1299 1748 1378 1825 ait,

244 1851 520 1929 «grammaticam
538 1859 671 1912 tenuem
686 1869 704 1911 a
719 1851 821 1931 fonte,
841 1849 939 1930 pleno
956 1854 1034 1912 satis
1049 1850 1143 1912 alveo
1158 1850 1270 1929 fluere,
1290 1867 1382 1912 cunr

241 1966 360 2038 praeter
384 1961 546 2020 rationem
568 1966 654 2020 recte
676 1957 834 2037 loquendi
858 1975 959 2037 prope
979 1961 1128 2019 omnium
1149 1961 1383 2019 maximarum
1422 2026 1425 2031 Δ

241 2067 362 2125 artium
386 2068 557 2127 scientiam
579 2063 729 2143 amplexa
751 2067 805 2125 sit.
832 2089 846 2117 ι
866 2063 916 2125 Ne
938 2082 1015 2125 vero
1040 2082 1101 2142 ego
1126 2081 1252 2143 quoque
1276 2072 1382 2125 extra

242 2171 336 2250 flues,
361 2175 419 2251 qui
440 2170 525 2232 mihi
546 2171 804 2252 praescribuntur
824 2190 898 2233 mea
917 2175 1066 2252 materia,
1091 2170 1291 2250 progrediar,
1309 2170 1382 2234 hic

243 2281 321 2338 satis
337 2280 399 2339 erit
414 2277 706 2355 commonefacere,
725 2277 813 2357 quod
835 2287 979 2340 ceterum
1003 2276 1119 2358 liquet,
1141 2277 1204 2338 hoc
1223 2277 1381 2339 vocabu-

243 2383 346 2446 luma
367 2383 499 2465 litteris,
523 2402 602 2464 quas
624 2383 732 2447 Graeci
753 2382 929 2469 γράμματα
950 2385 1174 2465 nominabant,
1199 2386 1380 2460 originem

242 2490 412 2554 duxisse..
1357 2548 1360 2553 .

286 2596 412 2658 Eodem
430 2597 528 2659 modo
549 2597 660 2659 Latini
683 2596 929 2658 «litteratum»
953 2605 984 2658 et
1006 2595 1256 2658 «litteraturam
1276 2619 1291 2649 »
1308 2615 1382 2659 vo-

242 2701 358 2764 cabula
372 2701 502 2782 aliaque
517 2702 642 2765 similia
656 2705 841 2765 finxerunt:
856 2721 928 2782 quae
940 2703 1074 2782 quidem
1084 2720 1123 2764 ex
1138 2719 1243 2779 graeco
1258 2709 1381 2766 trans-

242 2807 400 2889 tulerunt,
423 2813 451 2870 si
471 2807 703 2882 Quintiliano⁴
723 2810 879 2872 creditur.
901 2810 979 2871 Haec
1001 2817 1111 2872 autem
1132 2807 1300 2870 translatio
1322 2814 1382 2873 sic

243 2913 327 2976 facta
356 2922 416 2978 est.
448 2917 649 2978 Memoratur
674 2916 763 2996 apud
793 2913 1011 2978 Suetonium⁶
1047 2913 1223 2978 Cornelius
1253 2914 1382 2996 Nepos

243 3019 376 3098 dixisse,
397 3045 411 3074 ‹<
430 3019 591 3084 litteratos
605 3026 693 3099 culpo
708 3021 868 3102 appellari
882 3039 949 3102 eos,
968 3025 1025 3100 qui
1046 3019 1172 3101 aliquid
1188 3019 1383 3097 diligenter

243 3136 275 3188 et
290 3135 382 3189 acute
398 3132 603 3208 scienterque
624 3133 753 3209 possint
767 3136 823 3191 aut
839 3128 948 3191 dicere
964 3137 1020 3189 aut
1034 3129 1197 3207 scribere,
1219 3135 1383 3191 ceterum

243 3237 373 3313 proprie
394 3239 441 3297 sic
460 3233 674 3314 appellandos
695 3242 866 3316 poetarum
885 3238 1094 3315 interpretes,
1118 3237 1176 3314 qui
1199 3254 1217 3294 a
1238 3231 1381 3299 Graecis

240 3340 456 3423 γραμματικοί
468 3346 683 3403 nominentur
696 3366 725 3403 a.
745 3340 873 3414 Quibus
888 3360 926 3403 ex
937 3342 1046 3402 verbis
1061 3340 1215 3403 concludi
1229 3358 1382 3405 necesse

242 3450 303 3525 est,
324 3470 339 3500 α
357 3444 537 3507 litteratum
555 3470 569 3500 »
587 3445 785 3508 vocabulum
796 3446 865 3525 jam
881 3454 1036 3525 creatum,
1055 3453 1099 3526 et,
1115 3445 1158 3507 ad
1174 3446 1380 3523 significau-

242 3551 322 3612 dum
341 3550 511 3614 hominem
530 3550 715 3614 litterarum
736 3553 923 3614 studiosum
941 3569 979 3614 ac
994 3555 1149 3633 peritum,
1167 3551 1254 3630 culpo
1269 3569 1381 3615 usur-

268 3879 288 3976 l.
303 3870 338 3978 gf,
350 3883 467 3980 sGurqrth.
477 3877 552 3978 graec.
569 3931 703 3991 primord„
720 3947 744 3991 p.
762 3940 826 3991 2433
845 3934 876 3980 ci.
894 3932 1043 3989 Grilenhan,
1060 3931 1141 3980 Getclr·
1158 3930 1240 3979 ntus.
1256 3929 1323 3980 etit.
1342 3935 1379 3982 in

240 3993 347 4047 ittarta„
358 3996 376 4050 l,
387 4007 411 4052 p.
421 4002 447 4041 96
457 4008 519 4053 sqq,
528 4002 569 4040 423
578 4008 631 4053 sqq.

267 4062 288 4162 q.
304 4057 333 4163 ILI,
340 4065 363 4164 c1,
373 4063 393 4101 4.
406 4056 439 4103 Gi.
451 4058 601 4112 Grtlonhon,
611 4058 627 4103 l.
637 4069 666 4112 o,
677 4058 705 4113 ΙΙ,
719 4070 741 4114 p.
752 4063 792 4103 246
804 4069 859 4115 sqq.

268 4186 289 4226 5.
304 4182 338 4225 De
349 4179 438 4226 illustr.
450 4181 568 4235 Gramm,
579 4187 599 4226 4.
