2970 4942
712 412 935 476 ..32-

265 560 506 630 institutionem
521 574 698 638 puerorum
712 558 857 621 breviter
866 556 906 620 de
919 560 1074 620 universa
1088 562 1158 618 arte
1172 558 1386 635 grammatica

263 673 295 726 et
310 665 349 727 de
364 666 479 727 metris
493 667 647 743 scripisse
662 681 739 726 suos
753 662 899 744 libellos,
916 662 1095 726 -horum
1109 665 1199 727 enim
1209 662 1275 725 duo
1285 667 1384 743 primi

262 775 309 834 ita
329 773 504 851 compositi
527 777 616 851 suut,
642 778 680 833 ut
703 772 796 833 fictas
820 773 1095 848 interrogationes
1119 786 1278 849 responsa
1300 773 1385 833 exci-

263 887 378 961 perent
389 897 448 958 -3
465 878 584 940 deinde
599 877 824 940 declamantis
839 877 920 939 artis
935 885 967 939 et
978 877 1017 939 de
1028 876 1265 956 orthographia
1275 882 1385 959 copio-

263 990 333 1049 sius
348 984 603 1047 aderuditorum
617 1003 713 1047 usum
726 983 947 1065 disputavisse
963 983 999 1045 in
1014 978 1104 1064 parte
1116 983 1251 1063 majoris
1261 988 1383 1067 operis,

262 1109 336 1173 quae
352 1092 423 1171 ejus
437 1099 499 1155 est.
517 1090 671 1154 Ceterum
686 1092 720 1153 in
736 1091 889 1172 pluribus
904 1090 987 1153 locis
1002 1089 1042 1152 ad
1057 1091 1194 1153 verbum
1206 1107 1283 1152 cum
1300 1088 1386 1154 Cha·

264 1202 356 1279 risio,
378 1198 519 1281 Donato,
541 1198 715 1279 Diomede,
737 1197 899 1261 Dositheo
920 1197 1084 1277 congruit,
1111 1200 1233 1259 «etin
1255 1215 1386 1279 compo-

264 1304 383 1369 nendis
393 1303 446 1366 vel
458 1303 670 1386 excerpendis
682 1304 725 1366 iis
735 1322 807 1385 quae
818 1305 859 1367 ab
870 1304 1016 1384 antiquis
1026 1304 1241 1385 scriptoribus
1251 1307 1387 1367 inventa

265 1419 358 1475 erant
371 1430 433 1474 1111
448 1411 643 1490 diligentem
657 1430 720 1476 neo
732 1415 877 1492 peritum
892 1415 972 1474 artis
987 1431 1022 1475 se
1037 1406 1198 1493 praebuit¹
1216 1436 1247 1474 ».

309 1518 445 1581 Aelium
467 1519 633 1582 Donatum
661 1517 775 1582 nullus
803 1518 939 1582 illorum
966 1525 1152 1599 temporum
1175 1519 1387 1600 artigraphus

264 1629 350 1690 fama
364 1634 397 1689 et
409 1626 602 1689 auctoritate
615 1626 772 1707 aequavit3
784 1624 914 1688 nullius
923 1624 1012 1706 apud
1025 1630 1172 1706 posteros
1181 1626 1388 1706 frequentior

264 1737 422 1797 memoria
442 1734 518 1796 fuit.
544 1732 644 1795 Illius
668 1734 758 1795 enim
781 1750 881 1814 opera
901 1736 938 1795 in
959 1731 1084 1795 scholis
1102 1749 1178 1794 mox
1199 1733 1268 1795 iere
1288 1733 1388 1797 unica

184 1845 192 1864 ⁴
265 1849 422 1923 usurpata
436 1859 507 1904 essa
521 1840 691 1920 videntur,
713 1839 835 1903 inillis
850 1839 1046 1903 adnotandis
1060 1838 1160 1903 multi
1178 1845 1387 1917 grammatici

265 1954 366 2011 totam
380 1965 513 2028 operam
527 1966 620 2011 suam
635 1954 837 2010 navaverunt
847 1945 874 2026 ²3
896 1956 992 2027 atque
1007 1945 1079 2009 haec
1093 1950 1209 2027 gratia,
1228 1950 1386 2012 continuo

264 2074 328 2117 usu
343 2071 403 2135 per
413 2054 560 2116 medium
575 2071 682 2117 ervum
695 2061 882 2134 propagata,
897 2053 1027 2116 duravit
1036 2057 1135 2116 etiarn
1149 2060 1223 2135 pest
1233 2060 1387 2133 typogra-

264 2159 396 2241 phicam
410 2168 513 2222 artem
527 2165 706 2223 inventam.
725 2159 799 2234 Quo
813 2167 960 2241 tempore
974 2178 1062 2242 cum,
1076 2160 1184 2223 studio
1199 2159 1387 2222 litterarum

263 2272 431 2344 renovato,
454 2284 631 2346 puerorum
650 2269 849 2328 institution
868 2266 997 2328 Donato
1011 2267 1185 2347 inciperet,
1204 2273 1294 2327 tanta
1307 2283 1385 2329 auc·

263 2376 395 2436 toritate
414 2376 502 2434 inter
521 2372 633 2435 doctos
652 2371 708 2435 hic
725 2372 842 2453 valuit,
860 2380 897 2435 ut
916 2376 1022 2452 ipsius
1036 2390 1159 2435 nomen
1173 2390 1232 2452 pro
1247 2375 1384 2435 nomine

263 2482 342 2543 artis
360 2482 581 2559 grammaticae
596 2498 668 2542 asse
683 2478 943 2543 consuesceret⁸.
965 2477 1082 2559 Neque
1097 2463 1207 2542 tamen
1223 2477 1385 2557 singulari

263 2586 449 2651 eruditione
467 2585 521 2649 vel
536 2585 680 2649 dictione
696 2586 783 2649 hanc
797 2594 920 2648 tantam
936 2589 1213 2649 existimationem
1228 2586 1293 2648 sihi
1307 2604 1386 2649 con·

264 2702 395 2756 secutus
419 2700 480 2755 est.
506 2692 639 2755 Etenim
663 2710 738 2756 cum
763 2693 963 2772 artigraphis
984 2711 1052 2756 suae
1073 2697 1192 2775 aetatis,
1215 2690 1383 2775 Charisia,

263 2800 436 2881 Dositheo,
457 2799 654 2880 Excerptore
673 2800 845 2882 Bohiensi,
868 2797 1386 2881 11[1111111111]111111111111111114

262 2908 309 2970 ita
332 2912 506 2989 consentit,
532 2914 658 2970 utnon
683 2908 792 2971 solum
814 2907 931 2971 multis
954 2907 1038 2970 locis
1063 2908 1187 2972 eadem
1216 2926 1269 2970 res
1298 2907 1386 2988 apud

262 3030 378 3077 omnes
392 3014 581 3095 doceantur,
599 3014 656 3077 sed
670 3015 792 3088 iisdem
807 3017 907 3078 etiam
918 3016 1028 3078 verbis
1044 3022 1276 3094 expromautur
1291 3035 1299 3077 ε
1317 3031 1386 3077 non

263 3139 327 3202 quo
348 3140 368 3183 a
386 3121 513 3184 Donate
528 3125 628 3185 111111
643 3140 735 3184 suam
751 3122 934 3185 doctrinam
948 3126 1091 3185 mutuati
1106 3126 1185 3205 sint,
1202 3155 1247 3166 -
1261 3129 1387 3185 namet

263 3227 350 3309 apud
363 3227 559 3290 Diomedem
574 3232 686 3290 omnia
704 3228 871 3308 copiosius
886 3235 919 3291 et
933 3229 1062 3292 doctius
1084 3235 1220 3292 tractata
1241 3235 1330 3310 sunt,
1353 3236 1389 3291 ct

263 3354 337 3398 cum
366 3333 518 3397 Charisia
544 3334 693 3398 Donatus
720 3340 873 3414 congruit
897 3339 931 3398 in
956 3337 998 3397 iis
1024 3337 1143 3417 etiam,
1168 3352 1241 3416 quae
1264 3334 1323 3397 ille
1345 3336 1389 3397 ab

263 3441 507 3521 antiquioribus
520 3444 743 3519 grammaticis
758 3461 792 3505 sc
807 3447 991 3524 excerpisse
1007 3442 1150 3506 declarat
1164 3475 1220 3524 -,
1236 3442 1295 3505 sed
1308 3442 1389 3524 quia

263 3538 378 3610 omnes
399 3565 436 3609 11
456 3547 576 3609 iisdem
595 3547 743 3611 fontibus
765 3568 841 3612 suas
863 3552 974 3631 copias
994 3549 1236 3614 derivaverunt.
1259 3549 1304 3610 At
1324 3552 1390 3611 mi-

264 3654 399 3718 randam
422 3674 521 3734 qnam
545 3654 614 3716 dixi
635 3657 913 3719 existimationem
936 3656 1085 3720 Donatus
1109 3675 1148 3719 ex
1172 3673 1210 3719 eo
1236 3652 1387 3739 collegit,

264 3761 364 3843 quod,
386 3779 517 3824 omnem
535 3765 730 3842 requisitam
751 3766 923 3826 scientiam
943 3768 1117 3846 omittens,
1147 3762 1293 3829 breviter
1314 3780 1390 3844 quoe

291 4029 310 4068 1.
325 4021 363 4075 K..
374 4019 390 4066 l.
402 4032 421 4067 c.

291 4089 311 4129 a.
327 4082 362 4129 Gi.
372 4082 446 4138 inim,
456 4094 480 4139 p.
492 4087 518 4127 tt
525 4094 579 4141 sqq.

289 4151 310 4191 8.
324 4145 352 4190 K.
363 4145 403 4202 tv,
412 4156 436 4203 p.
448 4159 555 4191 xxxvrn.

289 4213 310 4252 t.
326 4206 361 4254 Cf,
371 4207 506 4265 presertim
518 4206 603 4264 Boelto,
612 4208 647 4255 De
656 4209 751 4254 artium
760 4209 932 4268 scriptoribus,
942 4212 988 4256 otc.
