2970 4942
653 811 717 884 DE

162 1093 711 1240 GRAMMATICIS
760 1092 1208 1237 t'bclbbcls

485 1436 628 1508 APUD
665 1436 889 1508 [ΑΤΙΝΟΒ

563 2194 828 2268 rncmnssbn

179 2424 273 2486 Licet
287 2424 375 2485 iuter
388 2422 527 2485 humani
547 2422 676 2500 ingenii
696 2423 831 2483 inventa
851 2420 981 2483 nullum
1001 2423 1069 2485 lere
1084 2424 1189 2501 magis
1204 2426 1254 2486 in·

86 2552 94 2566 ·
137 2530 278 2594 veluerit
293 2537 324 2591 et
342 2529 442 2591 latins
461 2527 690 2608 pervulgatum
706 2530 760 2607 sit,
779 2548 877 2608 quam
895 2531 1115 2606 granuuoticae
1130 2550 1210 2593 usus
1225 2540 1257 2594 et

137 2639 219 2699 ratio
230 2631 252 2715 ¹,
271 2637 389 2717 quibus
405 2643 515 2697 tamen
531 2653 570 2697 ex
584 2635 774 2715 primordiis
790 2637 975 2716 quibusque
990 2638 1203 2700 incrementis
1217 2640 1256 2700 ed

139 2752 261 2806 tantam
268 2743 523 2823 amplitudinem
530 2743 823 2823 auctoritatemque
833 2748 1042 2823 processerit,
1055 2764 1122 2808 non
1133 2749 1259 2808 nescire

139 2850 287 2931 plerique
302 2849 493 2929 neglegunt.
507 2849 567 2910 Hae
578 2850 730 2910 notiones
741 2850 843 2927 euim,
857 2851 977 2930 quibus
991 2870 1080 2913 nunc
1089 2851 1143 2914 rel
1153 2853 1260 2913 infimi

113 3034 117 3039 .
141 2958 266 3020 ordinis
276 2958 577 3035 grammatistarum
591 2955 698 3018 libelli
709 2956 876 3018 abundant
887 2976 1032 3038 quasque
1045 2966 1156 3020 tenero
1169 2966 1262 3021 {etate

141 3065 180 3126 ad
193 3064 391 3127 tenuissima
405 3062 590 3125 litterarum
604 3064 766 3142 principis
824 3064 1059 3127 redentescum
1075 3066 1146 3144 ipso
1162 3084 1262 3146 prope

142 3172 272 3254 eloquio
287 3172 491 3249 imbibimus,
504 3170 694 3249 linguarum
708 3189 748 3232 ns
866 3173 1033 3235 tscientiae
1043 3174 1089 3234 ita
1099 3172 1263 3236 coherere

142 3282 307 3357 videntur,
329 3286 367 3341 nt
387 3277 532 3340 defuisse
552 3296 607 3340 eas
627 3278 736 3359 eliqua
870 3279 974 3343 multo
990 3281 1123 3343 demum
1142 3281 1264 3343 multo·

143 3405 280 3468 rumque
301 3385 413 3453 labore
433 3392 543 3447 erutos
565 3394 661 3465 etque
683 3385 876 3449 hominibus
901 3389 1034 3451 traditas
1056 3391 1111 3451 vix
1133 3389 1264 3452 credere

144 3496 321 3575 possimus.
341 3492 377 3555 Si
393 3493 467 3572 quis
483 3499 592 3554 autem
616 3493 874 3557 consideraverit
888 3515 986 3576 quam
1001 3496 1143 3558 exilibus
1158 3497 1266 3557 initiis

145 3602 231 3684 apud
250 3600 429 3682 sophistas,
451 3598 626 3661 Platonem
646 3607 678 3662 et
696 3600 909 3664 Aristotelem
928 3604 1088 3682 inceperit
1108 3620 1267 3681 grummo·

147 3711 222 3787 tica,
236 3716 359 3789 quanta
368 3706 526 3769 felicitate
538 3707 669 3785 quantis
680 3706 806 3770 divitiis
816 3717 911 3771 aucta
921 3711 963 3771 sit
974 3709 1135 3789 aStoicis,
1148 3717 1268 3790 quanto

146 3816 261 3879 ardore
276 3832 296 3876 a
310 3822 388 3895 quot
402 3814 508 3876 doctis
522 3831 598 3875 cnm
609 3812 733 3877 Grreois
748 3820 818 3876 tum
833 3815 961 3877 Latinis
972 3824 1117 3896 tractate,
1130 3815 1173 3878 ad
1182 3834 1270 3878 smn-

147 3941 238 3985 mum
252 3923 321 3985 iere
336 3920 495 4001 producte
514 3921 556 3981 sit
577 3928 608 3982 et
626 3920 787 4000 perlecta3
809 3940 883 3984 cum
899 3930 1008 3985 tamen
1024 3923 1144 4004 saepius
1161 3929 1192 3984 et
1206 3921 1271 3985 lor·

147 4049 217 4094 mas
231 4031 337 4109 magis
352 4047 450 4110 quern
465 4046 579 4090 earum
589 4028 657 4090 vim
672 4028 823 4090 intimam
834 4047 871 4092 ac
883 4018 1079 4110 potestatem
1094 4029 1146 4092 illi
1157 4030 1272 4108 digno·

178 4291 198 4329 1.
213 4282 325 4335 Classen,
335 4280 369 4325 De
379 4278 487 4324 Gramm.
499 4277 575 4325 draec.
587 4277 720 4332 Primord„
731 4290 753 4336 p.
766 4287 785 4325 1.

260 4383 292 4413 DE
308 4382 402 4414 susum.
418 4380 506 4412 VOOAB.
