2918 4942
522 423 768 488 -161-

206 604 226 631 a
248 568 289 650 si,
313 584 387 648 quae
411 566 564 649 pluribus
589 567 743 630 sensibus
768 567 926 629 adhibitae
950 575 1040 648 suut,
1067 585 1122 628 eas
1147 584 1205 648 pro

81 675 230 755 amgulis
243 680 371 736 tantum
385 673 557 754 hahemus,
577 676 710 738 circiter
723 670 789 736 260
803 692 821 736 e
836 673 953 750 gracia
975 673 1203 753 traduxerunt,

84 781 183 847 1600
200 799 258 845 suo
273 780 376 843 fundo
398 788 648 861 assumpserunt
669 789 726 843 aut
744 799 804 862 per
824 798 859 844 se
879 782 1057 843 tinxerunt.
1081 779 1152 860 Hae,
1170 783 1207 841 iu

83 890 198 953 indice
219 886 453 951 vocabulorum
481 910 496 940 ι
521 886 643 950 italicis
670 909 686 942 ι
711 885 833 949 litteris
858 888 1039 966 insignita,
1071 885 1207 949 levioris

82 995 246 1060 momenti
259 994 424 1076 pleraeque
438 993 605 1073 videntur,
624 996 703 1075 quia
722 1001 777 1057 aut
793 1012 859 1058 non
876 994 1030 1057 derebus
1045 992 1208 1075 peculiari

82 1104 220 1167 nomine
243 1101 354 1181 dignis
379 1108 543 1180 usurpatae
565 1108 658 1182 sunt,
683 1110 750 1182 aut,
775 1118 852 1165 cum
875 1100 949 1163 alia
973 1118 1087 1178 graecae
1110 1100 1164 1163 vel
1189 1118 1206 1163 e

85 1210 202 1291 graecis
217 1208 373 1271 traductae
388 1224 448 1288 pro
461 1208 505 1270 iis
519 1207 681 1290 adoptatae
696 1216 818 1289 essent,
831 1225 899 1271 non
909 1208 968 1271 diu
978 1208 1205 1273 obtinuerunt.

84 1318 225 1379 Restant
244 1312 407 1376 nonnulla
426 1312 585 1378 vocabula
604 1323 659 1378 aut
678 1316 875 1397 antiquioris
896 1334 976 1378 usus
995 1310 1205 1399 (cognomen,

86 1421 300 1501 elementum,
313 1418 435 1501 littera,
452 1438 654 1502 praenomen,
664 1420 874 1499 vocabulum,
885 1438 959 1501 vox,
978 1416 1085 1503 etc.)¹,
1098 1428 1154 1484 aut
1169 1420 1209 1483 de

86 1529 186 1592 rebus
209 1546 228 1588 a
249 1526 366 1604 lingua
386 1543 492 1605 graeca
512 1525 633 1590 alienis
663 1530 785 1590 usitata
807 1524 1002 1610 (ablativus,
1027 1528 1207 1609 deponens,

88 1634 320 1715 desiderativa,
339 1634 592 1714 frequentativa,
610 1634 822 1713 gerundium,
847 1635 1029 1715 perlectum
1052 1634 1207 1711 ulterius,

89 1737 182 1824 etc),
207 1749 239 1803 et
258 1748 329 1802 tum
347 1739 481 1803 demum
501 1740 660 1822 adhibita,
679 1758 754 1804 cum
773 1758 887 1820 graecae
901 1741 1078 1822 latinaque
1093 1740 1212 1803 litterae

89 1850 160 1911 iere
180 1845 392 1925 coaluissent,
415 1845 591 1927 nullasque
613 1865 681 1911 uon
704 1864 895 1911 communes
919 1865 997 1928 opes
1022 1864 1210 1928 comparare

89 1961 227 2036 possent
242 1948 390 2036 (gradus,
413 1951 647 2034 impersonale,
669 1953 869 2034 interjectio,
887 1953 1017 2033 modus,
1035 1954 1211 2034 positivus,

91 2056 197 2144 etc.),t
223 2066 259 2122 ut
284 2060 319 2122 in
343 2059 460 2138 lingua
484 2082 499 2112 «
517 2059 702 2124 technica»
727 2063 949 2138 grammaticae
972 2062 1028 2123 vix
1051 2061 1215 2142 quoddam

91 2168 232 2248 genuini
248 2168 440 2231 Latinorum
453 2168 582 2246 ingenii
596 2169 775 2247 vestigium
791 2168 1038 2250 deprehendere
1053 2168 1172 2249 possis.

137 2273 302 2355 Denique,
320 2291 544 2354 quascumque
559 2274 722 2337 dictiones
736 2277 773 2336 in
789 2275 1061 2354 censumvocavi,
1076 2292 1130 2337 eas
1141 2274 1216 2354 quis

91 2382 221 2463 primus
241 2380 478 2461 usurpavisset,
496 2388 657 2461 quantum
676 2382 781 2462 potui,
805 2379 996 2444 indicavi²z
1020 2398 1215 2462 quamquam

93 2506 162 2551 nou
176 2505 235 2569 pro
251 2494 339 2550 certo
354 2486 579 2566 colligendum
595 2497 656 2567 est,
675 2490 926 2570 ascriptoribus
947 2506 1030 2569 quos
1049 2489 1218 2551 nominavi

94 2613 150 2657 eas
166 2593 258 2657 fictas
273 2594 379 2656 autin
395 2612 492 2657 usum
506 2594 711 2657 introductas
728 2612 813 2674 esse,
831 2612 907 2658 cum
920 2594 1027 2674 major
1039 2613 1115 2675 pars
1131 2603 1221 2658 vete·

94 2720 170 2765 rum
191 2700 352 2763 librorum
376 2700 524 2782 perierit,
549 2709 702 2793 nectam
727 2701 901 2765 scribendo
926 2716 1023 2781 quam
1045 2705 1122 2764 viva
1142 2718 1221 2765 voce

94 2807 244 2872 docendo
259 2807 370 2869 Latini
385 2807 589 2885 grammatici
604 2808 742 2871 fortasse
753 2826 847 2871 suam
857 2807 1059 2890 peculiarem
1073 2807 1219 2887 linguam

96 2914 312 2979 tenuaverint
335 2921 432 2994 atque
456 2916 620 2977 auxerint.
647 2914 692 2976 At
716 2912 834 2977 saltem
856 2915 1019 2995 quomodo
1046 2932 1085 2977 ea
1107 2914 1222 2993 lingua

97 3024 243 3086 crevisse
259 3021 355 3084 nobis
370 3021 532 3099 videatur,
550 3020 628 3083 iude
643 3028 789 3102 apparet.
808 3021 924 3103 Itaque
940 3020 1094 3101 aquibus
1110 3023 1224 3102 praeci·

98 3146 181 3210 puas
196 3128 358 3191 dictiones
368 3129 476 3209 primo
490 3125 657 3189 adhibitas
668 3145 745 3202 ‚esse
761 3128 886 3208 suspici
901 3127 1019 3209 possit,
1031 3130 1152 3191 cursim
1169 3127 1224 3190 hic

100 3234 377 3299 commemorabo.
393 3232 560 3296 Videntur
574 3250 646 3296 esse
661 3253 668 3295 :

146 3339 281 3421 Lucilii,
300 3341 413 3416 brevis,
429 3340 520 3417 longa
535 3340 679 3418 syllaba,-

147 3439 549 3529 Var1·ouis,acceatus(‘?),
573 3447 742 3508 accusandi
762 3463 865 3523 casus,
891 3449 1099 3524 accusativus,
1123 3446 1225 3524 appet-

102 3551 211 3616 ἰαηιίἱ*ι
236 3554 357 3631 vocab„
383 3554 547 3630 articulus,
569 3552 703 3632 augendi
724 3571 833 3632 geone,
858 3552 1040 3631 disyllabus,
1057 3550 1224 3632 casualir⁴,

131 3807 153 3847 1.
167 3801 200 3848 Ea
210 3813 262 3847 non
272 3813 330 3857 vere
340 3804 414 3861 atque
424 3803 500 3848 unice
511 3802 671 3859 grammatica
680 3804 746 3849 sunt.

131 3869 153 3908 s,
167 3863 290 3910 Adnotavl
305 3863 461 3921 plerumque,
472 3866 516 3923 qui
527 3865 681 3921 grammatici
691 3863 751 3911 tude
761 3863 894 3910 aVarrone
904 3876 984 3923 usque
994 3864 1025 3912 ad
1035 3864 1188 3923 artigraphos
1199 3866 1229 3912 lV

105 3924 199 3981 saeculi,
215 3925 304 3972 additis
318 3928 424 3985 insuper
439 3927 593 3981 dominicae,
602 3927 696 3973 Donato
712 3938 741 3972 ac
755 3926 889 3981 Passieno,
903 3925 1009 3983 siugulis
1023 3927 1063 3972 usi
1078 3930 1168 3973 esseut.
1180 3945 1189 3967 α
1201 3928 1228 3974 ln

106 3987 192 4034 lndice
203 3988 338 4034 ductorum
350 4007 360 4028 n
372 3992 522 4036 enumerate
531 3991 589 4034 sunt
599 3988 695 4046 pagina
705 3989 732 4034 in
742 3987 833 4047 qrxihus
844 3987 965 4047 cujusque
975 3989 1128 4048 grammatici
1138 4000 1230 4036 nomen

107 4048 236 4096 laudatum
246 4051 283 4096 est
294 4065 300 4094 ε
311 4050 347 4096 sic
358 4051 461 4109 reperiri
475 4052 579 4109 possunt
589 4061 677 4096 omnes
686 4050 808 4098 dictiones
818 4062 881 4110 quas
894 4051 985 4111 cuique
1001 4051 1170 4099 attribuendas
1180 4063 1231 4098 cre·

22 4112 24 4149 j
107 4111 169 4157 didi.

23 4268 25 4301 l

24 4320 28 4519 ι
218 4339 250 4371 DE
265 4340 359 4372 ῦΙΔΙΙ.
374 4340 466 4374 vocis.

135 4179 156 4218 e.
171 4174 230 4219 lude
240 4174 418 4232 appellativum
427 4186 504 4231 nom,
515 4186 554 4232 ap.
564 4175 668 4221 Roman.

134 4242 156 4281 t.
171 4235 232 4282 lude
243 4236 350 4285 cmualts
358 4248 434 4295 proep.
444 4237 485 4292 (Ν
494 4238 568 4293 sec).
