2918 4942
559 424 805 495 -1151-

162 571 193 657 o)
208 571 286 635 Alia
300 590 340 635 ex
355 575 597 654 comparatione
612 572 753 653 quadam
768 570 824 635 vel
838 570 1030 653 metaphora
1045 568 1089 656 (o.
1106 568 1203 656 45)¹;

163 678 198 763 d)
213 679 290 742 Alia
305 699 345 742 ax
360 688 492 742 externa
507 689 540 742 et
553 680 690 743 fortuita
704 677 862 761 qualitate
877 676 921 762 (e.
939 674 1034 763 2ol'3

162 786 193 870 e)
212 784 385 851 Nonnulla
404 787 548 868 deniquo
567 795 623 849 ant
642 804 759 868 parum
778 794 853 866 apte
873 787 995 848 usitata
1015 803 1100 865 esse,
1117 794 1175 850 aut
1189 787 1240 848 in·

116 902 318 976 certantque
335 894 474 957 obseura
488 894 616 973 on'gine
631 888 675 977 (o.
693 889 763 975 45).

165 1000 389 1083 Grammatico
408 999 580 1079 voeabula,
603 1009 640 1063 ut
663 1016 800 1081 qnaequs
826 998 969 1077 singulis
992 997 1046 1061 his
1065 1000 1242 1079 generibus

118 1109 295 1172 tribuenda
310 1115 398 1186 sunt,
417 1108 479 1169 sub
499 1108 620 1170 iisdem
639 1107 761 1170 litteris
780 1125 861 1189 quas
880 1125 969 1171 nuno
990 1108 1087 1188 posui
1106 1108 1142 1169 in
1163 1125 1242 1171 enn-

118 1216 301 1280 meratione
316 1215 522 1297 dispertiam.

166 1334 194 1394 1.
215 1333 304 1395 More
319 1349 426 1410 graeoa
440 1340 517 1394 sunt
534 1352 542 1393 ε

166 1435 199 1521 o)
216 1440 354 1514 tottam,
372 1435 660 1517 patronymionm⁸
675 1437 729 1503 vel
742 1440 1005 1516 patremmeum,-

165 1541 212 1628 o')
228 1547 445 1624 Grmnotott'oo,
461 1548 694 1624 yrommotieus,
711 1548 944 1623 yrnmmotiste3

163 1652 195 1740 o)
210 1653 419 1727 anomalum,
438 1651 666 1731 apostrophos,
683 1662 831 1731 optatum,
849 1652 986 1730 eurota,
1004 1653 1163 1730 dichrona,
1180 1652 1244 1714 ‹tto-

119 1782 260 1842 oymutn,
281 1758 519 1840 diphthongus,
536 1761 695 1839 diptotum,
718 1756 916 1839 disyllabus,
934 1762 1098 1838 ept'eoeooo,
1115 1757 1244 1821 betero-

120 1868 239 1943 oliton,
262 1873 453 1947 homoptoton,
478 1865 725 1945 homonymum,
749 1867 882 1944 typheo,
905 1867 1121 1944 monopteroe,
1143 1882 1245 1929 motw-

118 1986 234 2056 ptotoo,
253 1972 511 2055 monosyllabas,
532 1991 736 2053 poroyoyum,
749 1974 1001 2051 porasyotbetoo,
1022 1985 1242 2050 paronyrnon,

118 2093 324 2163 petttoptotou,
342 2083 557 2160 polyonyowo,
582 2077 824 2159 polysyllabae,
845 2079 1003 2158 prosodia,
1020 2077 1168 2158 syllaba,
1192 2094 1246 2157 sy·
1292 2052 1299 2068 ⁹

120 2204 316 2269 nonymum,
343 2199 577 2266 tetraonpmum,
598 2196 787 2265 tetraptoton,
813 2187 1038 2264 tetrasyllabos,
1066 2195 1167 2263 mnus,
1191 2189 1245 2247 tri-

121 2316 224 2375 pener,
247 2300 443 2374 trionymam,
462 2299 623 2374 triptotam,

168 2400 198 2485 e)
214 2400 458 2476 Barbarismus,
481 2401 584 2479 dorio,
602 2402 826 2479 hypermestra,
846 2400 935 2478 pule,
957 2397 1174 2473 soloeoismns,
1192 2399 1245 2462 vel

121 2513 265 2591 sotacus,

168 2616 202 2698 d)
216 2616 408 2696 Epitheton.

168 2716 216 2786 Ea
236 2741 302 2786 non
325 2723 435 2800 citavi,
461 2738 534 2803 quae
555 2719 675 2783 litteris
699 2726 827 2781 tantum
849 2719 965 2797 graeois
989 2719 1112 2800 scripta
1126 2718 1240 2801 depre-

119 2831 239 2895 nendi.
256 2830 494 2910 Semigraeeum
509 2836 559 2891 est
572 2830 727 2889 moneta.

167 2948 215 3011 ΙΙ.
234 2947 315 3021 Quae
326 2947 395 3028 jam
410 2946 531 3009 usitata
546 2943 753 3022 grammatici
767 2943 804 3004 in
826 2961 931 3022 sunm
941 2960 1039 3005 nsum
1058 2959 1244 3023 assumpse-

120 3062 210 3135 runt,
227 3055 264 3116 ln
279 3054 360 3117 duas
374 3055 448 3134 ipsa
462 3051 589 3134 species
605 3049 785 3113 dividenda
799 3057 898 3111 sunt:

165 3161 209 3222 A.
227 3159 308 3234 Quae
323 3176 466 3237 graecum
480 3174 603 3220 nomen
618 3174 685 3219 non
698 3154 863 3235 reddunt,

166 3266 207 3328 B.
224 3265 306 3340 Quae
319 3284 434 3329 rursus
449 3282 593 3344 graeeum
609 3281 730 3326 nomen
744 3264 1001 3343 interpretantes
1022 3261 1131 3323 Latini
1148 3279 1243 3324 usur·

121 3381 293 3454 paverunt.

165 3534 204 3599 A.
222 3533 363 3596 Illorum
378 3548 456 3595 vero
472 3530 586 3613 plnres
602 3538 680 3593 sunt
696 3530 824 3610 species
843 3549 851 3590 ε

136 3625 139 3629 ’
168 3638 200 3703 1⁰
213 3641 294 3716 Quae
309 3659 327 3702 a
341 3640 506 3722 principio
521 3657 592 3701 rem
606 3638 648 3700 ad
662 3636 909 3716 grammaticam
922 3636 1143 3716 pertinentem
1158 3634 1242 3697 desi·

119 3756 305 3827 giraverunt
322 3768 330 3809 t

148 4115 167 4152 1.
182 4106 212 4152 Ut
222 4103 404 4155 barbarismus,
413 4102 541 4160 sumum,
551 4105 638 4153 rentur,
646 4098 770 4160 obliquae,
782 4102 828 4144 etc.

146 4174 167 4213 a.
182 4165 340 4225 Adjeetiuum,
349 4164 505 4223 praepositio,
516 4168 616 4210 oetouut
627 4174 708 4215 casus,
718 4164 766 4206 eto.

145 4237 167 4276 a.
183 4227 350 4276 Crassioribus
360 4226 449 4273 littoris
459 4225 644 4283 distinguentur
654 4235 690 4279 sa,
701 4234 730 4268 ex
741 4221 832 4281 qulbus
842 4219 907 4269 Galli
916 4217 1038 4266 vocabula
1047 4217 1203 4266 deduximus.
