2970 4942
600 452 801 515 ,9-

135 596 357 659 eruditissimi
378 599 442 658 viri
465 603 497 659 et
519 595 640 658 litteris
662 601 867 659 ornatissimi
888 595 1019 677 etquid
1040 600 1261 675 grammaticen

135 707 204 784 ipsi
214 710 312 783 atque
323 708 359 765 in
372 707 490 784 primis
499 702 662 784 peculiari
677 709 897 782 grammaticae
913 703 1036 782 lingua
1047 702 1259 783 contulerint,

135 811 235 873 nobis
248 810 373 888 fingere
389 815 566 891 possimus.

185 917 345 997 Princeps
374 922 569 980 instruxisse
595 926 627 981 et
650 923 779 982 auxisse
808 922 1069 998 grammaticam,
1100 926 1138 982 ut
1165 919 1263 981 verba

138 1023 295 1086 Suetonii
310 1024 461 1105 referam,
479 1024 612 1088 videtur
626 1025 664 1090 L.
683 1024 801 1089 Aelius
817 1025 1031 1088 Praeconinus
1047 1024 1145 1106 Stilo,
1163 1044 1263 1105 eques

137 1132 322 1212 Romanus,
340 1151 448 1213 quem,
462 1150 536 1195 cum
552 1136 695 1194 amicum
709 1133 831 1196 Lucilii
846 1139 950 1213 poetae
961 1132 1168 1212 eundemque
1183 1131 1263 1195 Var-

138 1240 233 1299 ronis
249 1246 280 1300 et
297 1237 468 1301 Ciceronis
483 1242 678 1317 magistrum
693 1239 796 1301 luisse
816 1239 935 1318 ferant,
953 1245 1068 1301 natum
1083 1256 1155 1300 esse
1170 1242 1263 1300 circi·

125 1344 192 1407 ‘ter
215 1364 247 1407 a.
266 1342 329 1405 160
351 1351 426 1407 ante
450 1343 590 1427 Christ,
615 1352 646 1407 et
668 1346 708 1407 ad
733 1363 895 1408 summam
919 1353 1119 1408 senectutem
1144 1345 1264 1407 vixisse

139 1451 343 1514 credendum
357 1449 438 1513 est-¹.
457 1450 560 1514 Illum
580 1460 690 1515 autem
711 1450 859 1515 Stoicum
879 1470 950 1515 esse
965 1451 1109 1515 voluisse
1130 1458 1267 1514 testatur

142 1555 300 1638 Cicero²3
317 1560 404 1621 unde
418 1562 506 1622 iuter
527 1558 667 1623 Cratetis
688 1558 868 1641 discipulos
887 1559 1171 1622 adnumerandum
1190 1577 1264 1621 eum

135 1662 267 1742 colligo
284 1684 292 1725 :
310 1683 377 1727 nou
391 1671 428 1727 ut
443 1666 578 1745 quidem
594 1666 761 1730 Mallotam
782 1669 853 1747 ipse
869 1666 1022 1747 audierit,
1039 1666 1127 1747 quod
1143 1674 1266 1745 tempo-

140 1791 218 1834 rum
239 1774 366 1833 ratione
387 1773 460 1836 fleri
485 1791 553 1835 non
576 1777 694 1853 potuit,
721 1773 779 1836 sed
804 1773 1016 1854 disciplinam
1036 1793 1056 1836 a
1076 1772 1210 1835 Malloia
1231 1772 1266 1833 iu

140 1877 270 1940 Urbem
283 1877 411 1940 illatam
426 1887 559 1942 secutus
570 1881 625 1942 sit.
639 1879 839 1942 Erudieudis
853 1879 1120 1943 adulescentibus
1135 1896 1267 1959 operam

143 1986 254 2064 dedit3
277 1986 347 2066 sed,
369 1995 529 2067 quantum
549 1988 679 2067 exejus
700 1986 795 2050 libris
816 1987 969 2066 conjicio,
994 2004 1134 2067 quorum
1157 2002 1266 2065 panca¹

143 2099 324 2173 supersunt
338 2093 487 2173 requuiae
504 2095 625 2175 quique
640 2095 695 2156 vix
711 2098 834 2156 scimus
851 2101 930 2174 quot
946 2094 1069 2155 luerint
1084 2101 1116 2154 et
1131 2109 1195 2172 quo
1210 2110 1266 2151 uo-

142 2203 237 2261 mine
251 2203 416 2282 inscripti,
430 2201 564 2262 criticus
579 2200 689 2280 potius
700 2207 732 2263 et
746 2199 978 2280 philosophus,
996 2218 1093 2279 quam
1108 2214 1268 2278 gramma·

145 2309 234 2368 ticus
253 2305 414 2370 hodierno
435 2307 488 2370 die
509 2305 706 2370 diceretur⁸.
729 2305 856 2370 Omitto
877 2309 1053 2387 orationes,
1076 2306 1266 2387 exquibus,

145 2412 359 2477 nobilissimo
380 2418 500 2494 cuique
522 2418 666 2496 scriptis,
686 2414 820 2478 Aelium
841 2430 1023 2492 cognomen
1044 2411 1186 2476 Stilonis
1205 2412 1268 2474 sibi

146 2522 316 2597 peperisse
335 2519 523 2598 perhibent.
550 2543 563 2571 «
584 2518 777 2581 Carminum
794 2543 809 2573 »
832 2519 967 2600 quidem
989 2544 1003 2573 α
1023 2516 1201 2580 Saliarium
1220 2520 1270 2578 in·

147 2628 419 2704 terpretatiouem
429 2650 458 2705 1»,
479 2625 653 2688 «indicem
666 2625 896 2688 Plautinarum
911 2626 1145 2687 comediarum
1158 2646 1187 2702 ι,
1202 2648 1216 2678 ι
1230 2623 1270 2685 li-

148 2732 285 2795 brorum
305 2732 431 2796 Metelli
446 2732 618 2796 Numidici
634 2741 666 2796 et
686 2732 811 2796 Lucilii
828 2732 1010 2796 Satirarum
1025 2734 1234 2794 recensiones
1254 2754 1268 2783 »

147 2839 286 2902 adeam
312 2858 409 2921 quam
433 2841 577 2903 dicimus
600 2846 846 2920 grammaticam
875 2857 1082 2920 nequaquam
1105 2840 1270 2919 pertinere

149 2947 269 3027 liquet.
287 2946 362 3009 Jam
375 2951 412 3010 in
430 2951 693 3011 «commentario
709 2948 748 3010 de
764 2946 976 3028 proloquiis»
994 2943 1129 3008 Aelium
1144 2944 1273 3006 diversa

150 3050 321 3138 ἀξιώματα
341 3049 474 3137 (gallice
494 3050 713 3136 proposition)
737 3053 910 3117 dialectico
931 3070 1022 3115 more
1045 3055 1271 3130 percensuisso
1369 3063 1374 3071 '

151 3157 278 3222 Gellii⁴
293 3165 483 3223 testimonio
499 3160 651 3224 concludi
670 3168 789 3242 potest.
810 3186 824 3215 α
845 3158 930 3223 Cum
948 3161 985 3221 in
999 3157 1192 3238 disciplinas
1207 3158 1272 3219 dio-

149 3268 272 3328 lectt'cus
287 3266 401 3330 induci
416 3274 513 3348 atqua
528 3268 633 3331 imbui
647 3266 819 3349 vellemus,
837 3271 958 3348 iuquit,
978 3311 1057 3331 ......
1076 3273 1274 3328 commenta-

151 3378 242 3437 rium
265 3374 304 3437 de
325 3375 509 3457 proloquiis
531 3375 570 3438 L.
587 3376 720 3439 Aelii...
741 3378 966 3457 quaesivimus.
987 3400 1002 3430 »
1027 3375 1071 3436 At
1091 3392 1166 3436 cum
1184 3377 1220 3435 in
1236 3391 1275 3435 eo

152 3478 243 3541 nihil
253 3481 294 3543 ad
310 3484 553 3546 instituendum
563 3483 733 3564 explanate
750 3485 910 3564 scriptum
918 3485 1119 3562 repperisset
1130 3480 1272 3559 Gellius,

153 3587 197 3648 ad
218 3604 341 3666 graecos
363 3589 466 3662 libros
489 3608 524 3651 se
545 3590 684 3652 rediisse
706 3598 826 3671 narrat,
852 3597 884 3652 et
906 3594 1076 3652 enumerat
1095 3587 1275 3666 debuitque

154 3694 319 3757 nonnulla
334 3692 521 3781 ἀξιωμάτων
534 3713 666 3778 genera,
684 3700 720 3759 iu
735 3698 853 3777 quibus
870 3695 1113 3773 distinguendis
1128 3711 1276 3755 11011111·-

186 4006 203 4044 1.
221 3999 256 4046 Cl.
268 4001 293 4045 F.
303 4000 390 4058 Meutz,
400 4003 434 4047 Dc
451 3999 515 4047 Aelio
528 4000 628 4054 Stilone,
639 4001 665 4046 in
681 4002 809 4047 contutant.
822 4001 905 4051 Pltilol.
920 4003 1021 4054 leoena,
1031 4000 1070 4057 IV,
1081 4003 1141 4049 1890,
1153 4009 1176 4054 p.
1187 4001 1213 4041 aa
1223 4007 1279 4052 sqq.

185 4071 205 4172 Ξ.
221 4064 322 4171 gaudit&
334 4070 444 4173 1611111111.
460 4128 568 4183 Sueten,
583 4125 598 4171 1.
609 4139 638 4180 a,
648 4132 669 4183 t,
685 4130 709 4172 et
725 4127 809 4181 llontr,
820 4124 834 4171 l.
846 4138 875 4179 c,
886 4138 908 4183 p.
920 4131 932 4170 o
943 4137 1009 4184 sqq.;
1025 4124 1055 4170 do
1070 4121 1176 4180 scriptis,
1192 4121 1277 4173 Monta,

157 4195 314 4309 pillinc.
