2970 4942
704 464 903 526 „2-

243 611 379 686 vissent,
398 616 429 671 et
444 610 480 670 iu
494 609 608 671 lormts
623 610 705 688 ipsis
719 609 806 670 iuter
821 609 966 670 diversas
983 608 1109 687 species
1125 606 1364 669 distribuendis
1461 608 1462 611 ’

242 716 332 779 haud
351 718 429 778 satis
450 715 666 778 subtilitatem
683 717 843 778 vitassent
866 714 1085 791 luxuriosam,
1110 715 1139 774 si
1160 714 1234 793 quis
1253 714 1364 775 obser·

241 824 366 885 raverit
381 831 501 903 quanto
516 824 668 886 acumine
679 831 710 884 et
721 821 848 902 judicio
858 822 899 883 ab
909 820 979 884 illis
993 819 1123 883 saeculis
1134 820 1363 901 quaemedium

242 946 348 991 aevum
372 929 575 1010 appellamus
598 930 639 991 ad
659 936 805 992 nostram
826 947 930 1008 usque
951 928 1213 989 recentissimam
1234 933 1362 989 aetatem

241 1035 301 1097 illa
310 1038 353 1099 sit
363 1036 539 1115 elaborata,
551 1037 762 1117 supervacuis
773 1034 1019 1114 impedimentis
1029 1041 1212 1111 exonerata,
1224 1033 1361 1114 ejusque

240 1143 313 1221 ipso
333 1145 427 1224 quasi
445 1146 555 1206 auimo
576 1145 775 1223 introspecta
795 1150 828 1205 et
846 1142 1019 1222 patefacto,
1042 1141 1083 1203 ad
1101 1141 1233 1218 fastigia
1251 1140 1360 1220 philo·

240 1249 365 1329 sophiae
390 1258 518 1330 evecta,
541 1238 598 1330 qui
623 1251 659 1311 iu
685 1268 811 1312 summa
834 1249 920 1311 illud
943 1249 1163 1326 grammaticae
1183 1249 1361 1311 aedificium

238 1359 368 1438 viderit,
385 1358 546 1438 quomodo
558 1359 598 1418 ab
612 1359 689 1419 imis
698 1357 920 1419 fundamentis
931 1356 973 1418 ad
987 1355 1022 1417 id
1033 1355 1120 1436 quod
1130 1355 1261 1417 culmen
1271 1373 1360 1417 nunc

238 1464 378 1526 habetur
395 1471 619 1527 constructum
639 1465 697 1540 sit,
722 1465 751 1524 is
772 1463 916 1542 profecto
939 1471 971 1525 et
991 1469 1098 1524 tantos
1120 1470 1165 1524 tot
1187 1461 1360 1543 praeclaro-

238 1589 311 1632 rum
330 1572 477 1633 virorum
495 1580 630 1633 conatus
650 1570 692 1632 ad
709 1571 880 1632 veritatem
900 1569 1139 1649 assequendam
1158 1587 1226 1631 non
1244 1569 1359 1629 mirari

237 1695 305 1739 non
319 1678 450 1757 poterit,
469 1685 500 1739 et
518 1685 645 1757 partem
664 1677 811 1739 historiae
832 1676 971 1738 humaui
991 1676 1119 1755 ingenii
1139 1675 1273 1753 ediscet,
1295 1694 1360 1755 qua

236 1782 330 1844 nulla
352 1784 487 1863 majoris
510 1791 558 1845 est
581 1784 741 1846 momenti
765 1783 966 1862 majorisque
987 1780 1155 1858 utilitatis,
1181 1784 1358 1862 ipsumque

235 1889 419 1952 humanum
441 1891 616 1968 iugeninm
635 1891 672 1951 in
692 1888 751 1951 illa
772 1890 866 1969 quasi
886 1889 999 1950 diviua
1023 1888 1182 1968 loquendi
1203 1887 1358 1950 facultate

236 1997 357 2058 rectius
373 1995 537 2076 altiusque
552 2004 739 2073 cognoscet.

280 2101 353 2164 Tali
374 2105 519 2164 materiae
541 2121 651 2182 parem
675 2102 771 2164 edere
793 2102 978 2179 historiam,
1002 2119 1130 2179 magnae
1154 2102 1289 2181 quidem
1314 2103 1357 2164 sit

238 2209 363 2289 laudis,
386 2211 442 2272 sed
462 2217 591 2290 quantae
609 2209 707 2272 molis
728 2216 759 2271 et
778 2209 949 2271 industriae
968 2206 975 2269 i
997 2207 1066 2286 Ego
1085 2227 1162 2271 vero
1182 2209 1356 2271 Horatiani

234 2317 388 2396 praecepti
412 2324 590 2378 memoret
614 2317 693 2397 quid
714 2315 861 2378 valerent
880 2316 988 2377 umeri
1011 2314 1100 2377 haud
1122 2317 1294 2393 ignorem,
1317 2317 1354 2377 iu

233 2423 401 2485 vocabulis
412 2431 550 2505 tautum,
565 2442 636 2504 qnae
647 2424 687 2485 ad
701 2443 753 2485 res
769 2423 997 2503 grammaticas
1011 2425 1189 2503 pertinent,
1207 2423 1354 2485 studium

234 2528 396 2593 collocare
416 2531 563 2593 animum
582 2530 710 2592 induxi.
729 2530 791 2591 His
813 2531 858 2592 ita
876 2548 971 2592 aures
987 2538 1018 2591 et
1031 2532 1191 2592 memoria
1209 2539 1320 2592 nostra
1334 2550 1354 2591 a

232 2638 345 2715 pueris
360 2655 545 2716 assuevere,
558 2645 606 2718 ut,
623 2637 711 2699 unde
725 2637 821 2698 nobis
832 2638 966 2698 veniant
977 2644 1009 2697 et
1021 2637 1101 2716 quid
1116 2637 1179 2698 sibi
1190 2636 1295 2699 velint
1309 2638 1353 2698 si-

231 2743 440 2822 gnificentve,
459 2762 603 2824 quaerere
618 2761 734 2824 parum
749 2761 912 2805 curemus
932 2741 997 2804 Sed
1013 2760 1127 2805 eorum
1143 2744 1306 2820 originem
1321 2752 1353 2806 et

232 2868 363 2912 sensum
386 2851 560 2931 explicare,
579 2853 606 2913 si
622 2852 761 2913 minoris
776 2850 897 2912 laboris
915 2858 945 2912 et
960 2851 1051 2929 artis,
1069 2868 1137 2911 nou
1157 2850 1284 2913 nullius
1304 2861 1351 2913 ta-

230 2975 308 3017 men
323 2976 393 3020 esse
409 2958 562 3020 utilitatis
582 2958 719 3020 credidi.
737 2959 849 3019 Rebus
864 2958 955 3017 enim
969 2959 1069 3019 verba
1087 2965 1243 3019 resonant
1258 2960 1352 3038 quasi

230 3065 403 3142 imagines,
423 3071 454 3127 et
474 3065 544 3128 haec
564 3066 620 3146 qui
639 3064 760 3126 melius
776 3064 958 3141 intelleget,
976 3066 1012 3124 iu
1032 3060 1101 3125 illis
1117 3063 1351 3142 intellegendis

230 3170 435 3250 aliquantum
448 3189 640 3250 progressus
653 3175 726 3233 erit.
738 3170 834 3231 Unde
846 3170 963 3231 saltem
974 3178 1045 3231 orta
1059 3172 1126 3231 sint
1141 3174 1352 3247 grammatica

229 3277 398 3353 vocabula,
412 3296 475 3357 quo
490 3297 590 3358 sensu
604 3284 771 3357 usurpata,
790 3274 974 3351 ostendere,
989 3276 1068 3355 quid
1083 3275 1174 3338 aliud
1191 3279 1257 3339 nisi
1273 3298 1352 3358 qua-

230 3384 305 3447 dam
324 3384 571 3447 adumbratione
592 3387 699 3465 prima
718 3370 937 3461 grammaticae
953 3380 1047 3444 illius
1068 3382 1216 3445 historiar
1232 3385 1350 3449 ducere

229 3489 430 3552 lineamenta
444 3489 460 3551 ‘?

273 3597 314 3658 Iu
328 3596 391 3660 hoc
411 3606 520 3659 autem
534 3596 648 3658 libello
663 3595 822 3658 voeabula
841 3596 1066 3658 tantummodo
1083 3596 1257 3676 explanare
1279 3617 1351 3659 sus·

229 3705 302 3784 cepi
322 3704 408 3783 apud
427 3703 562 3766 Latinos
580 3707 710 3780 usitata,
732 3722 774 3765 ne
794 3703 982 3765 uberiorem
1003 3722 1099 3782 quam
1119 3722 1178 3782 pro
1193 3721 1267 3765 meo
1284 3704 1349 3766 due

227 3811 388 3873 hodierno
407 3812 578 3872 materiam
597 3809 821 3890 amplecterer.
846 3809 915 3872 Nec
934 3828 987 3870 me
1006 3809 1102 3889 fugit,
1126 3810 1215 3885 siad
1237 3819 1350 3872 nostra

227 3917 346 3996 gallica
356 3919 571 3980 examinanda
584 3917 721 3979 lectores
732 3919 936 3995 invitassem,
951 3918 1141 3978 attentiores
1153 3917 1280 3979 animos
1295 3936 1349 3980 me

227 4025 414 4087 habiturum
426 4025 542 4088 luisse.
555 4024 620 4087 Sed
630 4024 700 4086 haec
714 4042 780 4085 nou
793 4025 949 4103 explicari
961 4030 1109 4103 possunt,
1123 4024 1190 4085 nisi
1201 4026 1348 4087 excussis

226 4133 318 4211 prius
333 4139 364 4193 et
378 4131 552 4194 illustratis
568 4132 683 4209 graecis
698 4148 734 4192 ac
755 4129 879 4193 latinis.
897 4131 1015 4193 Latina
1030 4136 1142 4192 autern
1158 4138 1224 4191 tam
1239 4130 1349 4192 vicina

226 4246 314 4320 suut,
330 4240 417 4301 utin
432 4240 474 4301 iis
486 4239 555 4319 jam
570 4245 681 4301 nostra
696 4237 877 4316 rideamne,
896 4256 956 4300 nec
973 4244 1099 4300 tantum
1115 4256 1134 4298 a
1150 4238 1265 4314 graecis
1280 4238 1347 4299 dis·
