2918 4942
686 395 910 461 ..94-

234 545 388 607 ficatione
400 542 496 604 verbi
504 542 557 605 ris
568 542 717 622 ponitur,
728 539 884 603 inchoata
895 548 1024 604 tantum
1037 548 1134 622 atque
1147 540 1185 602 ad
1198 541 1339 602 effectum

234 651 380 713 futurum
391 651 484 730 quasi
502 648 718 729 progrediens
728 647 1064 728 dicaturanperIecta
1074 649 1143 728 jam
1151 654 1182 709 et
1190 645 1339 710 absoluta.

236 759 332 835 Inde,
354 758 442 839 quod
461 775 522 820 nos
546 784 562 811 ι
586 774 733 839 praesens
749 781 780 836 ι,
804 756 857 818 illi
876 755 1035 822 ἐνεστῶτα
1052 754 1285 841 παραιτητικόν,
1309 754 1342 816 id
1427 821 1430 842 ,

237 875 285 928 cst
304 892 318 918 ι
332 883 477 946 praesens
490 860 676 946 (ἐνεστῶτα)
689 863 814 926 durans
823 869 855 924 et
870 881 905 926 se
919 863 962 925 ad
974 863 1124 926 futurum
1133 863 1303 924 extendeus
1313 886 1342 942 ι,
1427 927 1428 930 ,

237 972 292 1034 vel
312 970 469 1038 ἐνεστῶτα
491 967 606 1056 ἀτελῆ,
630 970 665 1032 id
686 978 738 1032 est
759 996 775 1024 ι
792 987 938 1051 praesens
957 970 1106 1033 nondum
1125 969 1299 1050 perfectum
1315 993 1342 1048 ν,

239 1078 408 1156 dicebant,
424 1076 511 1159 quod
526 1095 587 1139 nos
603 1104 619 1131 ι
637 1076 867 1157 imperfectum
884 1101 914 1157 ν,
931 1075 984 1138 illi
997 1075 1213 1164 παρῳχημένον
1226 1070 1347 1158 (prete-

238 1182 354 1261 ritum)
372 1181 609 1269 παρατακτικὸν
623 1183 677 1246 rel
698 1180 816 1270 ἀττλῆ;
841 1183 929 1265 quod
943 1201 1004 1245 nos
1022 1208 1037 1238 ε
1055 1183 1233 1264 perfectum
1250 1204 1278 1263 ν,
1297 1181 1348 1243 illi

238 1290 394 1357 ἐνεστῶτα
408 1288 587 1356 σοντολικὲν
601 1289 655 1354 vel
669 1288 796 1367 τολειον,
813 1289 849 1351 id
864 1295 915 1351 est
931 1313 946 1343 ε
964 1306 1109 1370 praesens
1123 1288 1298 1370 perfectum
1312 1307 1347 1366 ν,

238 1397 326 1478 quod
341 1414 402 1460 nos
418 1420 434 1449 ε
453 1395 811 1476 plusquamperfectum
829 1420 859 1476 ν,
876 1395 930 1457 illi
948 1395 1167 1484 παρῳχημένον
1182 1391 1350 1460 σνντελικὸν

237 1503 290 1566 vel
306 1500 408 1589 ἀτελῆ
419 1502 441 1564 ¹.
455 1502 527 1566 Etsi
542 1501 653 1565 simile
664 1502 745 1583 quid
760 1501 800 1564 de
818 1527 833 1557 ε
845 1502 958 1565 futuro
971 1526 986 1556 ν
1007 1499 1135 1564 Stoicos
1150 1502 1350 1564 constituisse

235 1614 271 1673 iu
288 1611 489 1672 testimoniis
502 1616 651 1672 veterum
664 1627 734 1671 non
747 1609 912 1687 videmus,
925 1610 967 1671 ab
979 1610 1024 1672 iis
1036 1616 1147 1670 tamen
1161 1609 1259 1670 etiam
1271 1609 1352 1670 inter

233 1713 290 1783 τὸν
311 1715 465 1803 μελλοντα
484 1714 771 1800 superstrueret
790 1711 843 1780 τὸν
863 1715 1018 1800 μελλοντα
1036 1713 1153 1780 retum
1167 1715 1352 1777 distinctum

234 1825 351 1904 fuisse,
369 1840 407 1883 er
424 1831 533 1884 cetera
547 1821 697 1884 doctrina
711 1819 937 1898 eollIgendum
953 1826 1015 1883 est.

283 1928 382 2009 Apud
402 1928 537 1990 Latinos
556 1935 677 2008 autem,
700 1928 782 2007 quin
801 1925 906 1989 Varro
927 1925 1062 1989 illorum
1086 1926 1352 2008 philosophorum

240 2037 361 2119 placita
370 2035 609 2116 approbaverit,
624 2052 691 2096 uon
701 2040 807 2114 potest
817 2033 972 2096 dubitari.
986 2032 1072 2095 Nam
1085 2052 1184 2117 saepe,
1199 2036 1238 2097 de
1252 2034 1352 2114 specie

240 2143 414 2205 verborum
425 2158 523 2220 quam
533 2141 725 2218 temporalem
735 2137 1084 2222 appellat²disserens,
1099 2159 1171 2202 eam
1182 2160 1252 2204 esse
1262 2142 1352 2204 trium
1428 2136 1429 2139 ’

244 2275 258 2304 ε
278 2245 481 2328 temporum³
499 2270 514 2300 ι
533 2245 686 2328 declarat,
703 2263 776 2327 quae
793 2248 982 2325 praeuritum
996 2247 1052 2326 (ad
1066 2247 1204 2311 verbum
1217 2269 1352 2335 παμμχνμ
1420 2250 1421 2253 ’

242 2353 329 2438 μένον
351 2351 405 2414 vel
430 2351 640 2437 παρεληλυθός
654 2349 688 2434 ⁴;
715 2351 801 2437 rapot
825 2352 915 2415 e'nim
939 2352 1029 2414 Idem
1053 2361 1101 2415 est
1125 2355 1215 2434 quod
1238 2363 1350 2432 pratu,

241 2458 397 2547 ὦχημένον
415 2458 468 2522 vel
490 2457 636 2545 οληλννὸς
656 2461 746 2522 idem
767 2461 855 2541 quod
870 2457 987 2545 deum),
1006 2480 1141 2539 praeseus
1158 2457 1352 2544 (adverbum

236 2567 338 2654 παρόν
346 2564 383 2651 5),
402 2575 433 2629 et
449 2568 590 2642 futurum
605 2562 661 2649 (oi.
686 2563 809 2653 μέλλον)
824 2563 1026 2647 nuncupat⁰.
1046 2568 1131 2631 Tum
1151 2586 1264 2631 eorum
1282 2574 1354 2629 tem·

242 2693 359 2755 porum
382 2673 549 2754 duplicem
569 2692 684 2737 rursus
706 2692 778 2736 esse
799 2676 944 2755 speciem
967 2677 1124 2760 ostendit,
1151 2684 1189 2739 nt
1213 2676 1354 2758 quodque

242 2801 317 2844 cum
335 2782 462 2843 actione
484 2782 553 2844 sive
572 2779 727 2843 inchoate
744 2780 800 2844 vel
818 2782 942 2867 infecta
960 2778 1016 2866 (cf.
1044 2779 1190 2870 ἀτελής),
1208 2785 1277 2846 sive
1290 2801 1354 2863 per-

242 2892 326 2952 fecta
345 2883 401 2971 (cf.
420 2883 551 2969 τέλειος)
570 2887 780 2968 adjungitur,
804 2888 883 2950 inde
903 2889 970 2950 alia
984 2908 1055 2952 esse
1075 2892 1201 2969 Infecta,
1217 2889 1283 2952 alia
1292 2907 1355 2967 per·
1431 2916 1432 2919 ¹

242 2999 320 3072 secto
333 2992 450 3058 verba⁷
466 2995 557 3057 dicit.
576 2996 692 3076 Itaque
707 2997 858 3074 quamvis
877 3015 1040 3078 nusquam
1054 2997 1143 3077 apud
1159 3017 1235 3060 eum
1249 2998 1354 3077 depre-

241 3103 428 3165 hendantur
435 3103 487 3164 hae
496 3101 686 3183 dictiones⁸,
695 3106 882 3179 preteritum
892 3105 1049 3182 infectum,
1059 3122 1194 3182 praeces
1204 3108 1354 3179 turcotum,

242 3214 384 3287 (uturum
396 3211 555 3288 iusectum,
567 3211 756 3288 praeteritum
772 3212 954 3288 perfectum,
968 3229 1103 3289 praeseus
1115 3214 1294 3290 perfectum,
1309 3213 1356 3287 su·

243 3326 347 3379 turum
358 3321 538 3396 perfectum,
556 3336 630 3379 cum
645 3323 756 3378 tamen
776 3335 862 3397 saepe
882 3325 1025 3399 opponat
1039 3319 1135 3381 binas
1149 3319 1250 3400 hujus
1265 3335 1357 3396 gene-

242 3428 288 3489 ris
309 3427 422 3508 series,
444 3427 653 3508 «discebam,
676 3426 779 3505 d1soo,
803 3426 953 3490 discam:
975 3426 1165 3510 didiceram,
1184 3427 1295 3508 didici,
1312 3426 1358 3488 di-

271 3658 290 3696 1.
304 3651 332 3697 V.
345 3650 420 3706 locos,
432 3649 498 3707 opud
513 3650 630 3705 Schmidt,
643 3650 777 3707 presertim
792 3664 816 3710 p.
828 3658 853 3699 69
868 3663 919 3711 sq.;
937 3651 968 3697 cI.
983 3653 1080 3708 Lersch,
1095 3651 1111 3699 t.
1127 3664 1146 3698 ο.
1154 3669 1162 3708 ;
1177 3650 1300 3706 steinthal,
1310 3650 1328 3706 I,
1337 3661 1360 3707 p.

243 3718 283 3758 309
293 3724 346 3770 sqq.

269 3781 290 3817 a.
306 3774 341 3820 Ct'.
353 3775 381 3828 X,
392 3779 426 3817 31.

269 3842 290 3879 3.
307 3834 341 3881 ct.
355 3836 413 3888 VIII,
424 3841 462 3892 203
474 3836 514 3890 IX,
524 3840 558 3890 32,
569 3838 616 3879 etc.

269 3904 290 3942 4.
306 3896 341 3943 CI.
351 3896 432 3952 Arist,
442 3898 515 3950 Poet,
526 3903 564 3954 203
576 3896 644 3942 ltiou.
655 3897 720 3952 Thr,
731 3909 755 3954 p.
767 3903 801 3946 53.

269 3964 290 4003 ὁ.
304 3956 386 4011 Arist,
397 3955 413 4002 l.
423 3970 442 4003 c.

270 4028 290 4066 6.
306 4020 341 4066 cf.
355 4019 421 4076 apud
436 4019 580 4066 Ciceronem
592 4036 598 4064 τ
610 4038 620 4060 ν
631 4022 690 4075 Quae
704 4022 872 4078 praeterierim,
883 4035 938 4080 quae
953 4023 1043 4069 instent
1053 4025 1079 4069 in
1095 4023 1232 4080 proesentis,
1242 4034 1296 4080 quae
1306 4033 1363 4068 cou-

244 4084 398 4141 sequantur»
409 4083 452 4135 (De
462 4082 565 4134 lucent,
574 4083 592 4137 I,
600 4084 646 4137 26),
657 4084 839 4136 «Praeteritum,
849 4084 957 4137 instaur,
965 4096 1113 4145 consequeus
1121 4104 1131 4124 ν
1141 4083 1185 4139 (Ad
1194 4087 1290 4137 Herem,
1297 4084 1325 4139 II,
1334 4088 1362 4138 ῶς.

271 4151 291 4189 t.
307 4144 345 4197 IX,
356 4148 394 4197 963
406 4143 434 4197 X,
445 4148 478 4197 33,
489 4148 535 4189 etc.
546 4144 609 4189 DicII
619 4155 719 4201 quoque
729 4142 833 4201 infectas
844 4157 882 4191 ros
894 4148 918 4191 et
927 4145 1013 4204 infecti
1022 4146 1105 4199 uerbo,
1116 4151 1162 4192 etc.

270 4213 290 4251 8.
306 4205 415 4250 Fortasse
426 4205 485 4261 quie
495 4205 623 4250 qutmam
636 4205 689 4262 ejus
698 4206 817 4252 librorum
829 4210 922 4264 partem
933 4209 1102 4255 tantummodo
1112 4208 1239 4254 habemus.
