2970 4942
692 393 915 457 ..10-

243 538 360 599 horum
375 539 580 616 compositio,
599 536 656 598 sed
670 540 841 598 sententiae
853 554 968 597 sensns
979 534 1207 597 consideratur
1217 533 1239 596 ¹.
1251 535 1369 598 Restat

243 643 329 705 liber
342 641 400 704 ille
417 641 669 723 etymologicus,
682 643 723 704 ad
738 661 836 722 quem
846 638 938 724 (licet
949 641 1020 720 ejus
1035 640 1128 702 nulla
1142 642 1228 720 apud
1237 648 1367 703 veteres

244 754 368 812 mentio
389 744 506 831 exstet)
527 749 647 810 Msurz
668 754 780 812 omnia
798 750 982 828 fragmenta
999 748 1110 828 refert,
1129 765 1200 827 quae
1216 747 1257 809 ad
1270 765 1366 811 voca-

244 857 320 921 bula
340 856 544 937 explananda
562 860 757 938 respiciunt,
782 874 888 936 neque
908 859 944 918 in
963 858 1108 918 carmina
1128 853 1268 917 Saliaria
1286 874 1366 935 qua·

242 965 351 1026 drant.
373 964 482 1044 Atque
502 963 599 1025 illum
618 963 741 1026 librum
761 968 807 1024 ita
827 970 920 1044 putat
942 966 1165 1024 «institutum
1188 963 1304 1042 fuisse,
1326 969 1366 1025 ut

244 1071 361 1133 Aelius
375 1069 480 1132 multa
493 1071 592 1133 verha
607 1077 664 1133 aui
677 1088 749 1132 rara
765 1077 821 1132 aut
836 1068 983 1132 obsoleta
998 1068 1180 1150 colligeret,
1199 1076 1230 1130 et
1243 1073 1365 1149 partim

244 1175 460 1257 etymologia,
487 1182 607 1257 partim
632 1175 794 1257 exemplis
816 1176 965 1256 undique
993 1175 1178 1238 litterarum
1205 1181 1361 1257 sumptis,

243 1286 363 1361 partim
387 1290 524 1362 utraque
547 1287 676 1345 ratione
701 1283 895 1346 illustraret.
923 1281 1238 1362 Glossographicum
1262 1286 1365 1360 igitur

242 1389 374 1450 videtur
387 1389 491 1451 fuisse
508 1388 624 1469 opus'.
644 1414 658 1443 »
677 1387 765 1452 Fieri
791 1391 926 1470 quidem
947 1394 1066 1470 potuit,
1091 1397 1127 1451 ut
1149 1396 1204 1450 ant
1226 1392 1261 1451 in
1277 1390 1365 1469 ejus-

243 1495 334 1558 modi
360 1495 463 1579 libro,
490 1504 546 1558 aut
574 1497 610 1557 in
640 1495 818 1559 Saliarium
847 1499 1030 1560 carminum
1058 1495 1287 1578 explanatione
1309 1517 1364 1560 res

243 1606 462 1681 grammaticae
479 1611 704 1684 tangerentur,
721 1603 813 1667 velut
828 1608 863 1664 in
882 1603 946 1665 hoc
965 1602 1038 1665 loco
1056 1600 1223 1665 Charisii³
1243 1625 1250 1664 :
1270 1628 1284 1656 «
1303 1602 1364 1665 Fe-

242 1711 350 1772 rocior
363 1715 430 1771 tam
446 1728 544 1790 quam
558 1712 653 1791 pejor
665 1711 784 1774 melior
798 1716 844 1772 ait
860 1708 944 1772 Stilo
959 1713 996 1771 in
1011 1713 1052 1770 ets
1067 1710 1252 1773 accusativo
1266 1728 1364 1790 posse

242 1816 393 1896 proferri,
416 1816 618 1879 ferocioreis.
641 1815 667 1878 F
670 1820 847 1880 orientium
867 1818 1037 1879 ferienteis
1059 1817 1148 1878 idem
1168 1816 1253 1880 Stilo
1270 1825 1365 1897 putat

242 1922 348 1984 facere
371 1922 501 2002 dehere,
522 1929 559 1984 ut
582 1922 750 1986 docenteis
772 1923 954 2003 saltanteis,
973 1927 1127 2002 quoniam
1149 1939 1363 2003 quaecumque

240 2046 352 2090 secum
370 2029 463 2091 verbi
479 2029 556 2109 jura
574 2032 762 2107 traxissent,
786 2048 825 2090 ea
842 2032 1037 2092 accusativis
1057 2029 1252 2110 pluralibus,
1269 2030 1364 2108 adju-

241 2142 337 2197 vante
362 2136 528 2197 dumtaxat
552 2139 699 2213 genitivo
722 2136 858 2216 plurali,
884 2137 921 2197 in
944 2140 985 2196 eis
1009 2144 1175 2198 sonarent.
1196 2161 1210 2190 »
1238 2133 1304 2197 Sed
1325 2144 1365 2197 ut

242 2240 320 2302 talia
331 2248 495 2322 tractaret,
508 2259 575 2302 non
584 2245 718 2321 penitus
729 2243 851 2320 linguae
863 2242 952 2321 leges
967 2243 1202 2322 introspexisse
1212 2240 1361 2323 Aelium,

240 2364 281 2409 ne
301 2351 525 2427 grammaticis
546 2349 680 2429 quidem
694 2349 864 2412 vocabulis
883 2350 935 2411 uti
950 2368 1031 2429 opus
1046 2347 1144 2413 fuiti
1163 2348 1257 2422 Quod
1272 2353 1364 2411 enim

241 2454 416 2517 Charisius
446 2460 679 2536 accusativum,
711 2456 886 2537 pluralem,
918 2457 1110 2536 genetivum
1138 2457 1174 2518 in
1198 2457 1261 2518 hoc
1289 2455 1363 2518 loco

240 2566 424 2643 usurpavit,
441 2581 508 2624 non
524 2563 601 2624 inde
617 2562 733 2643 colligi
748 2570 856 2643 potest
877 2563 1018 2627 Stilonis
1033 2571 1127 2626 aetate
1142 2563 1202 2624 has
1217 2563 1363 2643 appella·

241 2673 346 2731 tiones
362 2670 397 2731 in
412 2688 476 2731 usu
491 2670 606 2751 inisse,
625 2688 708 2751 quae,
722 2675 828 2750 prima
839 2679 982 2751 excepta,
1000 2671 1088 2751 apud
1098 2670 1280 2733 Varronem
1294 2689 1362 2733 non

238 2776 541 2855 deprehendantur.

283 2881 374 2943 Aelii
392 2879 532 2945 Stilonis
548 2887 651 2960 igitur
666 2885 803 2964 ejusque
818 2883 1009 2965 aequalium,
1029 2884 1216 2964 Nicanoris,
1229 2883 1363 2946 Aurelii

238 2986 359 3068 Opilii,
380 2988 519 3051 Antonii
542 2989 744 3071 Gniphonis,
769 2989 933 3052 aliorum⁶
953 3009 989 3053 ea
1010 2991 1114 3054 fuisse
1136 3009 1235 3071 opera
1250 2991 1358 3070 erede,

239 3095 425 3177 exquibus,
453 3097 581 3158 etiamsi
605 3098 734 3174 integra
757 3098 797 3159 ad
821 3116 881 3160 nos
900 3099 1141 3178 pervenissent,
1167 3116 1234 3160 non
1257 3096 1364 3159 multa

237 3202 370 3264 haurire
386 3204 566 3282 potuissem
580 3204 620 3265 ad
631 3204 722 3266 hunc
732 3203 885 3267 libellum
895 3205 934 3266 de
946 3208 1168 3281 grammaticis
1177 3204 1360 3267 vocabulis

237 3308 278 3369 In
293 3327 421 3371 summa
436 3313 615 3390 ceteroqui,
637 3311 665 3370 si
688 3311 751 3371 soli
767 3314 803 3371 in
818 3310 939 3372 litteris
954 3316 1184 3389 regnavissent
1202 3309 1358 3392 Cratetei,

237 3415 349 3478 nescio
364 3434 406 3477 an
422 3415 554 3494 longius
569 3434 636 3478 non
652 3434 825 3496 progressa
840 3425 926 3480 esset
941 3419 1164 3496 grammatica.
1177 3417 1310 3478 Etenim
1320 3418 1362 3479 ad

238 3530 349 3601 poetas
373 3523 637 3601 interpretandos
661 3523 960 3604 emendandosque,
988 3542 1063 3586 cum
1088 3523 1360 3587 consuetudinem

264 3814 283 3851 1.
298 3807 357 3853 uiro
367 3808 440 3852 modo
452 3808 575 3853 consentit
585 3807 679 3855 Gellius
690 3820 746 3854 curn
758 3809 866 3866 Diogene
876 3808 979 3865 Laertio,
990 3810 1121 3867 Chrysippi
1131 3808 1287 3866 aliorumque
1302 3809 1361 3856 Stoi-

234 3881 322 3914 corum
333 3868 424 3926 placita
433 3875 574 3927 exponente
584 3872 643 3926 (Vll,
654 3878 679 3916 aa
690 3872 761 3928 sqq).

263 3938 282 3976 2.
298 3932 323 3976 L.
334 3942 363 3982 c.,
374 3944 397 3988 p.
410 3938 443 3977 21.

261 4000 282 4038 ³.
298 3994 325 4039 Κ.
338 3994 354 4044 1,
365 4006 388 4050 p.
401 3999 439 4037 1211
451 4006 487 4050 sq.
499 3993 534 4039 Cf.
545 3994 633 4050 Egger,
644 3993 659 4038 t.
671 4006 701 4046 c,
711 4007 734 4051 p.
747 4002 785 4049 113
796 3994 882 4049 llantz,
893 4007 916 4051 p.
928 4000 961 4039 aa.

261 4058 282 4099 4.
298 4055 332 4102 Gt.
345 4057 411 4101 hune
422 4056 500 4101 Verrii
512 4055 593 4101 Flacci
604 4056 687 4101 locum
696 4057 779 4112 (Fert,
788 4069 812 4114 p.
822 4058 870 4112 asa)
881 4071 887 4099 ι
899 4074 909 4095 «
920 4057 1021 4115 Recipis
1030 4057 1096 4115 apud
1106 4057 1233 4112 Catonem,
1244 4068 1288 4114 pro
1299 4058 1361 4102 reci·

235 4117 310 4173 piam,
320 4121 346 4163 ut
357 4117 406 4162 alia
415 4116 535 4173 ejusmodi
546 4117 682 4174 complura.
695 4136 704 4157 ι
715 4120 743 4164 V.
757 4119 830 4174 intra,
841 4131 864 4175 p.
876 4124 901 4163 17
912 4129 966 4176 sqq,

262 4187 281 4225 a.
298 4179 333 4226 cf.
346 4179 560 4234 reuffe1²,noraa.
