2970 4942
551 966 608 1031 De
634 964 921 1042 grammaticis.

223 1288 300 1370 Sed,
324 1295 500 1368 antequam
523 1290 737 1367 grammatica
756 1287 917 1352 vocabula
939 1288 1066 1371 adeam,
1093 1289 1151 1369 qui
1175 1290 1300 1351 luerint

175 1395 382 1460 nobilissimi
394 1399 481 1459 inter
495 1395 665 1458 Romanos
679 1396 896 1479 grammatici,
909 1414 975 1477 quo
986 1404 1131 1477 tempore
1143 1398 1297 1477 vixerint,

175 1522 241 1584 quo
256 1502 391 1566 vinculo
411 1504 500 1564 inter
514 1520 549 1565 se
568 1509 793 1583 conectuntur,
812 1504 939 1583 etquid
954 1522 1117 1584 equoque
1136 1506 1300 1583 petiturus

177 1610 253 1689 sim,
272 1609 443 1671 ostendam
458 1615 598 1689 oportet.

225 1714 479 1777 «Grammatioa
500 1714 614 1777 Romae
634 1733 677 1777 ne
697 1715 733 1776 in
754 1733 817 1777 usu
839 1716 973 1797 quidem
997 1716 1090 1799 olim,
1113 1721 1159 1780 ait
1185 1716 1300 1780 Sueto·

177 1814 286 1903 niu's¹,
303 1821 427 1883 nedum
443 1821 482 1883 iu
500 1818 625 1883 honore
643 1818 715 1885 ullo
735 1830 827 1884 erat:
850 1822 925 1885 rudi
941 1824 1071 1887 scilicet
1085 1842 1122 1886 ac
1143 1823 1301 1887 bellicosa

176 1933 277 1992 etiam
298 1937 369 1991 tnm
390 1913 536 2009 civitate,
558 1930 701 1991 necdum
721 1947 840 2009 magno
863 1948 960 2012 opere
983 1930 1179 1995 liberalibus
1201 1931 1299 1995 disci·

177 2035 281 2115 plinis
300 2041 447 2097 vacante.
468 2058 482 2088 ι
500 2032 609 2114 Atque
624 2034 660 2097 id
675 2052 742 2097 non
763 2035 873 2099 solum
887 2034 926 2098 de
947 2036 1008 2099 illa
1027 2039 1300 2117 prestantissima

177 2143 318 2206 scientia
338 2141 603 2220 intellegendum
619 2148 679 2222 est,
697 2160 770 2222 quta
786 2141 925 2205 humani
940 2147 1102 2207 sermonis
1122 2143 1212 2225 leges
1230 2163 1300 2226 per-

176 2257 352 2331 scrutatur,
379 2249 474 2311 etad
498 2247 747 2329 philosophiam
769 2249 912 2329 quodam
936 2251 1032 2314 modo
1055 2251 1219 2331 pertinet3
1243 2250 1301 2314 sed

177 2355 341 2420 humilem
362 2357 468 2436 ipsam
489 2359 747 2438 grammaticam,
765 2374 837 2436 quae
856 2357 897 2419 ad
917 2356 1047 2420 diversa
1066 2357 1299 2421 vocabulorum

176 2482 298 2542 genera
322 2462 557 2542 distinguenda
580 2468 612 2524 et
636 2469 723 2526 recte
747 2463 935 2544 usurpanda
959 2465 1112 2545 respicit,
1138 2482 1180 2526 ne
1205 2465 1299 2545 pueri

175 2571 312 2652 quidem
331 2569 542 2633 docebantur.
561 2568 639 2631 Sive
659 2569 750 2632 domi
770 2572 840 2632 sive
855 2572 891 2632 in
906 2570 1069 2633 litterario
1089 2568 1189 2633 ludo'
1204 2573 1300 2634 insti·

176 2678 363 2756 tuebantur,
381 2675 503 2755 legere,
521 2676 664 2738 scribere
680 2683 713 2738 et
726 2694 882 2739 numeros
897 2677 984 2739 inire
999 2676 1056 2739 diu
1071 2683 1199 2740 tantum
1214 2678 1299 2741 didi·

176 2782 324 2848 cerunt³.
347 2783 455 2863 Hujus
475 2788 586 2844 autem
600 2783 650 2843 rei
669 2780 757 2845 haud
773 2802 910 2862 parvum
925 2784 961 2847 id
976 2802 1048 2847 esse
1067 2792 1298 2864 argumentum

174 2889 261 2951 mibi
280 2889 423 2970 videtur,
446 2888 536 2968 quod
558 2888 599 2950 de
620 2889 845 2965 grammaticis
867 2892 1053 2967 priscorum
1074 2889 1298 2952 Romanorum

175 2996 295 3058 studiis
313 2994 445 3057 nullum
465 3000 570 3057 exstat
587 2997 767 3075 vestigium
786 2993 944 3075 nullaque
965 2996 1001 3057 lit
1016 2996 1294 3078 commemoretiO,

175 3102 242 3165 nisi
257 3103 297 3165 de
312 3101 434 3164 litteris
451 3109 483 3164 et
499 3102 749 3182 orthographia.

220 3206 306 3271 Cum
321 3210 411 3270 enim
425 3209 612 3271 litterarum
626 3209 748 3271 formas
765 3215 797 3270 et
812 3209 963 3271 ordinem
976 3227 996 3271 a
1011 3208 1136 3272 Graeois
1155 3210 1296 3273 Romani

175 3314 390 3395 accepissent,
408 3332 463 3376 eas
485 3316 581 3377 novis
599 3314 804 3395 nominibus,
822 3333 881 3394 per
899 3332 972 3395 quae
991 3315 1120 3378 vocales
1135 3324 1167 3378 et
1181 3333 1296 3378 conso-

174 3428 290 3481 nantes
311 3427 343 3482 et
362 3419 578 3483 semivocales
598 3419 866 3484 discernerentur
879 3421 901 3503 ⁴,
926 3420 1186 3502 appellaverunt.
1210 3422 1295 3485 'ium

176 3527 303 3606 Appius
324 3524 486 3589 Claudius
506 3525 633 3608 Caeous,
651 3526 769 3590 consul
787 3546 817 3588 a.
836 3524 900 3590 307
921 3533 953 3588 et
973 3523 1038 3590 296
1059 3535 1134 3589 ante
1151 3526 1291 3609 Christ,

175 3631 318 3696 litteram
335 3632 359 3692 Z
380 3634 518 3714 ejecisse
534 3640 566 3694 et
585 3633 615 3693 R
630 3652 688 3712 pro
705 3632 727 3695 S
745 3634 782 3695 in
796 3633 978 3716 vocabulis,
997 3642 1032 3697 ut
1047 3634 1213 3718 Valesius,
1230 3633 1295 3697 Fu-

175 3739 255 3820 sius,
282 3747 359 3818 etc,
386 3740 556 3802 induxisse
581 3738 715 3801 dicitur.
741 3738 846 3802 Paulo
869 3748 956 3823 post,
984 3740 1131 3820 ejusdem
1157 3740 1293 3804 fortasse

177 3937 388 3946 ——-—-

206 4069 228 4111 1.
243 4064 277 4109 De
291 4060 386 4109 illustr.
403 4060 552 4118 Grantmot„
570 4071 592 4111 1.

205 4131 227 4172 2.
242 4124 324 4170 Plauti
338 4124 450 4177 Mertai„
463 4125 493 4182 ΙΙ,
509 4131 547 4172 32.

204 4194 227 4295 Ξ.
243 4184 565 4307 {stipllslrignblezl'rosese
581 4186 611 4235 de
627 4185 729 4236 litterat.
747 4185 813 4234 dunt
828 4187 903 4237 t'onc.
919 4190 999 4243 flente,
1015 4202 1040 4249 p.
1056 4195 1084 4234 22
1101 4199 1155 4248 sqq.
