2970 4942
709 409 933 473 -14-

260 561 396 621 nomina
415 577 454 619 ex
472 559 662 621 auctoribus
678 555 801 619 Graecis
817 558 887 619 suis
907 560 1017 637 ipsum
1040 559 1269 637 assumpsisse,
1292 562 1324 618 et
1347 559 1384 619 in

262 664 402 727 latinum
417 683 603 727 sermonem
619 662 857 726 transtulisse¹.
870 662 919 724 Ea
932 667 1046 744 utique
1062 670 1155 726 aetate
1170 682 1286 744 parum
1302 665 1384 726 defi-

261 776 365 834 nitam
389 789 426 833 ac
448 771 563 833 rudem
587 770 738 850 linguam
759 771 983 832 Romanorum
1008 775 1253 848 grammaticam
1276 772 1382 833 fuisse

261 885 406 959 apparet.
423 878 540 941 Lihros
560 885 670 940 eutem
687 903 702 932 ι
720 877 761 939 de
780 876 884 938 latina
902 876 1018 956 lingua
1034 902 1063 958 »,
1081 894 1163 957 quos
1178 879 1382 939 inmanibus

262 986 433 1064 hahemus,
452 1001 519 1047 non
534 992 610 1046 ante
624 980 679 1064 45,
698 1002 758 1046 nec
773 991 846 1065 post
860 980 904 1045 43
919 1003 950 1045 a.
969 982 1051 1047 Chr.
1072 984 1178 1046 editos
1199 1003 1271 1047 esse
1287 984 1383 1046 Wri-

264 1110 372 1154 usnns
385 1092 597 1154 manifestum
612 1091 690 1154 iecit
701 1088 725 1152 ⁸.

308 1201 348 1260 ln
366 1199 409 1260 iis
424 1196 535 1280 vero³,
553 1201 610 1278 qni
628 1222 643 1253 α
661 1198 701 1260 de
716 1197 938 1260 similitudine
953 1199 1128 1261 verborum
1146 1221 1161 1252 »
1179 1205 1213 1262 et
1229 1225 1244 1255 «
1262 1200 1301 1262 de
1315 1203 1382 1261 uti-

262 1306 354 1368 litate
370 1309 531 1368 sermonis
546 1330 561 1359 »
578 1306 730 1385 inscripti
741 1301 863 1385 erant⁴,
878 1321 951 1368 cum
964 1309 999 1367 in
1009 1313 1148 1386 utroque
1159 1325 1259 1377 unam
1269 1324 1384 1369 oerum

262 1416 493 1493 quaestionum,
516 1430 596 1493 quas
616 1411 767 1474 inlibris
791 1436 805 1465 «
825 1412 864 1474 de
885 1410 1001 1489 lingua
1021 1412 1125 1474 latina
1142 1438 1157 1467 »
1182 1413 1385 1490 generaliter

261 1526 470 1599 exposuerat,
493 1523 677 1582 accuratius
702 1527 867 1599 tractaret,
901 1519 1039 1581 eandem
1067 1519 1279 1599 disciplinam
1308 1539 1385 1582 ean-

260 1626 398 1707 demque
413 1644 466 1688 res
486 1629 714 1703 grammaticas
735 1625 925 1706 appellandi
939 1626 1215 1689 consuetudinem
1235 1631 1384 1690 tenuisse

258 1732 441 1796 Varronem
461 1736 673 1814 perspicuum
695 1740 757 1794 est.
776 1731 891 1813 Neque
911 1732 1009 1795 aliter
1031 1733 1070 1796 de
1094 1734 1221 1796 dnobus
1244 1733 1384 1814 reliquis

257 1840 413 1920 operibus
429 1843 558 1920 opinor,
577 1838 672 1900 lihris
687 1839 815 1901 scilicet
832 1864 846 1893 α
866 1840 906 1901 de
921 1857 1073 1903 sermone
1089 1838 1214 1902 latin0⁶
1228 1865 1243 1894 »
1261 1847 1293 1903 et
1311 1865 1326 1895 ‹
1345 1841 1386 1903 de

260 1950 474 2026 grammatica
492 1971 521 2007 ».
539 1943 756 2025 Quamquam,
775 1964 850 2009 cum
865 1950 901 2007 in
916 1946 988 2026 illo,
1006 1954 1080 2026 pest
1095 1965 1125 2008 a.
1143 1942 1188 2007 44
1207 1955 1283 2008 ante
1301 1945 1382 2011 Chr.

262 2054 362 2133 edito,
380 2053 420 2114 de
434 2070 525 2133 voce,
542 2052 663 2115 litteris
678 2070 715 2114 ac
735 2050 886 2132 syllabis,
905 2054 1095 2115 accentibus
1111 2060 1142 2116 et
1156 2051 1293 2115 metris⁶
1308 2071 1385 2132 age-

263 2168 363 2239 retur,
387 2138 450 2222 hdc
473 2166 582 2222 autem
606 2166 638 2222 et
662 2163 827 2239 praecipua
850 2163 1069 2236 grammatice
1096 2163 1203 2239 capita
1226 2162 1263 2221 in
1285 2178 1385 2222 usum

265 2267 464 2330 discentium
479 2266 639 2345 explicata
653 2270 836 2328 contineret
852 2273 883 2327 et
894 2273 1039 2328 extrema
1048 2266 1208 2328 Varronis
1223 2273 1329 2348 aetate,
1344 2268 1386 2329 ed

265 2392 431 2436 summum
450 2373 661 2435 facultatibus
682 2374 810 2451 ingenii
831 2377 1034 2453 scientiaque
1052 2374 1124 2454 ejus
1139 2377 1322 2454 progressis
1338 2370 1381 2457 (a.

264 2477 332 2563 33),
350 2479 538 2542 ahsolutum
552 2483 596 2541 sit
607 2477 628 2560 ⁷,
646 2480 743 2542 facile
754 2481 932 2560 conjectari
947 2488 1065 2561 potest,
1080 2485 1109 2542 si
1124 2499 1191 2543 non
1206 2485 1381 2561 perissent,

264 2588 412 2649 futurum
427 2587 530 2647 inisse
546 2593 582 2647 ut
597 2590 739 2649 auctoris
757 2586 906 2649 doctrina
924 2586 1024 2648 latius
1044 2594 1155 2667 patere
1171 2594 1203 2649 et
1223 2605 1385 2666 gramma·

265 2697 329 2755 tica
347 2691 463 2769 lingua
482 2691 651 2773 aliquanto
674 2693 774 2755 ditior
794 2711 866 2755 esse
886 2693 1065 2756 videretur.
1085 2690 1230 2771 Collegit
1251 2693 1384 2774 quidem

264 2798 476 2860 Wrnnnnms⁸
491 2817 558 2861 non
581 2818 697 2879 paucas
713 2819 752 2862 ex
773 2801 910 2880 perditis
925 2800 1084 2863 Varronis
1100 2800 1196 2862 libris
1211 2800 1379 2881 reliquias,

263 2924 344 2986 quas
360 2925 376 2968 e
393 2910 613 2984 grammaticis
630 2907 867 2987 posterioribus
883 2910 1020 2986 excepit.
1039 2906 1088 2967 Ex
1102 2905 1156 2968 his
1172 2914 1282 2969 autem
1296 2905 1383 2967 nihil

265 3017 333 3077 iere
354 3014 395 3075 ad
415 3014 568 3077 libellum
587 3032 698 3076 meum
717 3015 826 3095 hausi,
851 3019 929 3095 quia
943 3019 979 3076 in
998 3016 1181 3077 referendis
1196 3017 1382 3078 auctoribus

265 3123 335 3184 suis
349 3122 547 3201 posteriores
569 3123 774 3201 artigraphos
793 3140 987 3201 persuasum
1007 3123 1124 3203 heheu,
1143 3130 1277 3204 excepto
1299 3122 1383 3185 Che-

264 3233 357 3308 risio,
375 3247 492 3308 parum
507 3227 622 3290 fideles
638 3229 741 3290 inisse
758 3237 789 3291 et
804 3248 938 3292 sensum
953 3234 1063 3310 potius
1082 3249 1182 3310 quam
1200 3235 1272 3310 ipsa
1286 3232 1384 3293 verba

264 3335 460 3398 reddidisse.

309 3441 595 3504 JuxtaVarronem
605 3451 635 3504 et
647 3450 830 3523 temporum
840 3445 966 3506 ratione
978 3439 1259 3524 (praeturama.58
1269 3440 1384 3526 gessit)

291 3665 310 3701 1.
321 3655 504 3711 Nonnunquam
516 3667 616 3712 quoquc
626 3667 665 3700 res
677 3657 848 3712 grammaticas
858 3668 902 3713 par
912 3655 1102 3702 similitudinem
1112 3669 1141 3703 oc
1151 3659 1321 3714 metaphoram
1331 3658 1384 3705 sinc

264 3719 404 3765 Graecorum
417 3718 561 3762 ructor-italo
572 3719 691 3763 nominat.
704 3719 739 3765 Cf.
751 3718 876 3773 conclus,
887 3731 910 3775 p.
922 3724 969 3764 162.

291 3787 310 3823 r.
328 3781 351 3824 L.
364 3792 394 3829 c,
404 3791 428 3835 p.
439 3786 464 3825 37
476 3793 528 3837 sqq.

290 3846 310 3884 3.
328 3842 418 3888 Omitto
430 3860 438 3880 a
451 3848 559 3897 'nemer
575 3842 605 3888 de
620 3843 706 3900 lingue
723 3842 800 3888 latina
809 3861 828 3899 υ,
839 3855 912 3900 quam
931 3855 982 3888 non
993 3843 1040 3890 nisi
1053 3855 1081 3889 ox
1091 3844 1235 3902 Hieronymi
1250 3845 1334 3891 ludlce
1345 3857 1385 3890 no-

263 3905 353 3957 rimus,
365 3916 478 3960 qumque,
490 3917 550 3949 num
562 3907 694 3951 aVorrone
706 3906 847 3962 scriptasit,
857 3906 950 3951 dubito.

290 3971 310 4009 4.
327 3967 383 4011 llaec
392 3978 452 4011 vero
463 3979 538 4023 opera
548 3980 598 4024 quo
609 3971 718 4024 tempore
729 3969 863 4024 compositu
875 3968 932 4021 sint,
944 3968 998 4014 erni
1009 3980 1059 4013 non
1070 3971 1157 4025 potest.

243 4064 245 4067 .
290 4033 310 4072 5.
326 4027 404 4084 liujus
415 4027 507 4083 puriter
516 4029 598 4084 operis
609 4032 706 4086 tompus
716 4041 760 4075 nor
778 4028 903 4076 delinitur.

291 4096 311 4135 6.
327 4090 355 4135 W
359 4089 476 4146 ilmnnns,
487 4102 510 4147 p.
521 4095 591 4138 47-91.

292 4156 311 4196 τ.
327 4151 370 4207 ld,
381 4164 405 4208 p.
416 4157 496 4197 ste-117.

291 4221 311 4259 8.
326 4214 349 4260 P.
362 4218 457 4260 itt-2²3.
