2918 4942
523 405 768 472 :2195-

480 689 537 752 De
559 686 803 766 pronomine.

124 877 256 956 Edere,
282 893 417 938 summae
439 877 491 937 vir
511 877 728 955 auctoritatis,
746 876 925 955 Romanos,
948 894 1023 939 oum
1042 895 1081 939 ex
1100 895 1206 957 greco

79 1010 95 1038 «
116 981 298 1069 ἀντωνυμία
315 1009 329 1037 »
351 984 543 1046 adverbum
561 1002 728 1061 pronomen
748 979 805 1066 (oi.
826 991 930 1062 preat
952 979 1034 1067 ἀντί,
1051 1003 1160 1046 nomen
1175 996 1208 1048 et

74 1089 192 1176 ὄνομα,
209 1089 297 1152 unde
312 1098 420 1153 ortum
435 1098 483 1152 est
498 1084 643 1173 -ωννμία)
659 1088 866 1171 deduxerint,
880 1089 961 1170 quid
976 1088 1082 1154 Graeoi
1098 1109 1136 1154 eo
1152 1110 1207 1154 vo·

75 1196 202 1261 cabulo
218 1197 404 1274 significare
419 1195 556 1277 vellent,
579 1213 676 1275 prave
696 1195 900 1258 intellexisse
912 1196 1040 1278 judicat
1051 1196 1072 1259 ¹.
1093 1195 1208 1259 Credi·

76 1305 205 1367 derunt
223 1307 311 1364 enim
331 1303 409 1366 inde
429 1299 623 1387 ἀντωνυμίαν
642 1300 899 1383 appellationem
918 1319 1100 1384 pronomen
1115 1322 1207 1368 aooe·

75 1413 185 1491 pisse,
204 1410 291 1489 quod
310 1428 368 1489 pro
389 1411 535 1488 nomine,
553 1408 587 1470 id
604 1417 652 1470 est
667 1406 738 1475 ἀντὶ
757 1406 921 1495 ὀνόματος,
938 1417 1127 1490 poneretur.
1146 1411 1202 1493 At,

74 1534 282 1597 quamquam
295 1535 330 1577 re
341 1532 417 1577 vera
431 1513 495 1576 hoe
504 1533 568 1577 usu
578 1516 774 1594 pronomina
783 1525 995 1597 usurpantur,
1010 1517 1084 1579 ideo
1097 1523 1207 1579 tamen

75 1625 262 1685 arbitratur
285 1622 400 1685 Eeonn
424 1618 619 1706 ἀντωνυμίας
643 1640 681 1682 ea
704 1632 893 1702 nuncupata
914 1640 998 1705 esse,
1022 1624 1099 1703 quia
1118 1640 1204 1706 enin,

76 1756 94 1785 α
120 1728 391 1810 personalibus»
423 1736 550 1791 tantum
579 1746 617 1790 eo
645 1727 804 1791 vocabulo
832 1731 975 1809 primum
1004 1729 1205 1813 designatis,

77 1862 94 1891 s
124 1853 276 1916 personae
302 1860 316 1889 ν
340 1841 564 1914 spectarentur
583 1843 615 1896 et
641 1836 807 1899 aetoribus
826 1836 885 1916 qui
905 1837 939 1898 in
962 1855 1059 1900 soena
1078 1836 1209 1899 adversi

73 1949 208 2005 starent
222 1948 498 2021 compararentur,
517 1941 652 2003 nomina
666 1941 858 2005 viderentur
867 1942 1017 2023 opposita
1028 1951 1059 2004 et
1075 1944 1207 2006 interae

72 2046 354 2130 respondentia'3
370 2048 448 2110 inde
464 2066 502 2110 ea
522 2048 751 2111 Aristarchum
766 2050 890 2112 dixisse
908 2048 1010 2129 λέξεις
1029 2046 1116 2116 κατὰ
1133 2049 1208 2136 πρό-

73 2153 347 2238 σωπασυζύγα·ις;
359 2156 395 2215 in
407 2150 706 2239 determinantem
717 2142 801 2221 ἀντι·
812 2156 1135 2236 nonessequodpro,
1149 2158 1207 2218 sed

72 2262 170 2344 quod
184 2262 344 2339 adversus,
358 2268 390 2323 et
400 2263 643 2341 oppositionem
654 2266 995 2343 comparationemque
1006 2265 1204 2345 significare,

73 2379 116 2432 ut
132 2373 170 2431 in
186 2364 335 2446 ἀντίθεος,
352 2364 534 2450 ἀντίπαλος,
549 2369 667 2431 emat
684 2370 865 2432 notandum
880 2376 928 2432 est
939 2371 1105 2433 Romanos
1120 2371 1158 2432 in
1169 2389 1207 2433 eo

73 2481 108 2539 si
124 2477 320 2555 erraverint,
336 2483 373 2537 ut
388 2458 519 2540 Graecos
535 2478 624 2556 ipsos
643 2481 875 2554 grammaticos
890 2462 1063 2541 erravisse.
1081 2478 1209 2539 Defini-

76 2590 135 2645 tur
160 2584 250 2643 enim
274 2585 311 2643 in
335 2582 492 2661 Dionysii
516 2580 652 2643 Thracis
674 2581 791 2644 libello
814 2578 1002 2669 ἀντωνυμία,
1028 2582 1113 2662 λέξις
1137 2579 1209 2650 ἀντὶ

75 2685 235 2772 ὀνόματος
249 2683 584 2773 supersedente&
595 2685 681 2747 Mihi
692 2694 849 2768 praeterea
857 2690 1000 2767 videtur,
1012 2690 1096 2770 quod
1109 2688 1208 2752 lioeat

76 2794 189 2874 fateri,
207 2794 244 2854 in
257 2793 529 2873 interpretatione
540 2792 724 2857 doctissimi
738 2794 833 2857 illius
844 2797 908 2857 viri
923 2797 1034 2859 neseio
1046 2796 1125 2876 quid
1137 2814 1208 2858 esse

77 2900 240 2964 subtilius
250 2907 283 2964 et
292 2901 477 2982 obscurius,
491 2919 598 2981 neque
615 2900 722 2963 ullum
737 2902 877 2987 proferri
893 2912 1135 2982 argumentum,
1149 2921 1209 2964 eur

76 3026 150 3070 non
170 3026 208 3069 ex
227 3007 291 3070 hae
310 3006 558 3087 simplicissima
578 3008 724 3087 notione,
744 3026 911 3086 pronomen
933 3008 1060 3072 seilicet
1075 3025 1133 3089 pro
1149 3027 1207 3071 no·

77 3115 173 3176 mine
188 3113 383 3194 plerumque
398 3114 490 3194 poni,
509 3110 686 3199 ἀντωνυμία
700 3115 788 3194 apud
804 3115 936 3178 Graecos
949 3114 1207 3196 appellationem

78 3221 203 3285 ducere
222 3221 376 3302 potuerit.
394 3221 511 3301 Itaque
531 3229 563 3282 ei
578 3220 613 3282 id
632 3220 818 3301 apndilloe
839 3229 914 3302 apte
933 3223 1153 3301 nominatum,
1176 3230 1207 3284 et

78 3343 226 3407 graeoum
239 3325 437 3411 vocabulum
452 3335 539 3388 reete
554 3344 573 3387 a
588 3326 717 3391 Latinis
731 3327 919 3390 traductum
934 3346 1005 3390 esse
1021 3345 1153 3391 oenseo.

130 3429 216 3493 Cum
247 3449 325 3494 vero
358 3433 564 3510 provocatum
594 3438 626 3493 et
652 3436 837 3510 pronomine
860 3432 964 3496 Varro
993 3434 1202 3516 distinxerit,

80 3537 193 3619 priora
201 3555 261 3616 pro
272 3537 441 3600 vocabulis
452 3557 524 3601 esse
536 3535 585 3619 (id
595 3545 644 3601 est
658 3534 895 3622 appellativis),
908 3538 1013 3602 altera
1027 3558 1085 3621 pro
1101 3541 1208 3602 nomi-

79 3644 180 3706 nibus
195 3637 245 3727 (id
260 3650 307 3705 est
321 3644 478 3728 propriis)
495 3664 570 3707 enm
584 3646 763 3735 putavisse,
781 3646 933 3726 quamvis
947 3645 1131 3709 verisimile
1147 3647 1204 3728 sit,
1278 3620 1286 3635 x

109 3899 129 3939 1
141 3893 332 3940 Anonoiresoe
342 3882 414 3939 iliud.
424 3905 471 3972 μα,
483 3900 544 3945 1899
554 3904 578 3950 p
590 3900 693 3951 ttosq

108 3961 155 4000 αα
167 3957 202 4001 lin
218 3955 312 4010 restite,
325 3956 434 4000 testum
410 3960 490 4010 ανυίαιμ
471 3954 786 4015 αιεουίᾰωαηυαιιαωίεα
801 3957 1000 4036 correspondent,
1011 3955 1208 4002 commeseiont

18 4066 23 4071 ⁴
81 4017 192 4062 viseris
202 4017 239 4062 les
248 4028 416 4074 personnages
427 4018 499 4075 quils
508 4018 702 4074 representent
706 4017 998 4074 .A1nsiefaaeet‚2;a,pr
1010 4020 1145 4073 etipese
1157 4031 1209 4064 cor

81 4080 233 4136 respondent
243 4082 267 4124 et
276 4091 301 4125 ae
310 4079 459 4139 ooajnpuent
468 4080 552 4125 deux
543 4092 557 4125 a
568 4080 665 4125 deux.

108 4140 180 4188 9..OE
190 4141 271 4199 Apoll
285 4141 388 4198 Dyscol,
399 4143 565 4248 Dopronom„
576 4141 617 4187 Ed
628 4141 770 4197 Schneider,
781 4149 861 4235 p.9:«
873 4145 965 4213 'neap
1040 4144 1208 4187 ...attumne

80 4206 151 4247 imese
130 4208 208 4259 νυμίαν,
190 4210 248 4247 uda-r
259 4209 293 4247 ἀντ
273 4210 424 4259 π’νότυςτίμα
413 4207 478 4248 viria
1153 4228 1156 4235 ·
