2970 4942
522 450 745 519 ..31-

98 600 221 681 vocavit,
238 614 307 679 quae
321 598 398 662 deos
412 604 469 661 aut
483 597 636 661 homines
651 597 838 677 designaut,
851 604 948 678 atque
963 597 1044 661 huic
1057 615 1194 661 consue·

98 706 193 769 tudini
206 712 275 786 post
298 707 542 769 cumohsecuti
566 712 644 769 sunt
670 704 786 769 Stoici.
815 704 938 768 Eodem
951 722 1082 786 quoquo
1096 724 1195 770 sensu

98 831 191 873 riorum
202 820 439 893 usurpaverunt
452 806 572 875 Varro¹
588 818 620 875 et
633 810 810 875 Terentius
830 810 1002 875 Scaurus'.
1021 812 1089 876 Sed
1104 814 1197 876 Aris·

98 920 215 983 tarchus
229 921 264 981 in
277 938 343 981 una
358 919 538 999 eademque
552 919 712 982 orationis
726 926 817 999 parto
838 916 908 981 haec
923 918 988 982 duo
1007 936 1129 997 genera
1147 938 1197 983 re·

98 1024 222 1107 posuit⁸‚
245 1044 280 1089 ac
301 1027 484 1106 Dionysius
503 1024 631 1105 Thrax,
656 1025 728 1106 ejus
748 1023 943 1105 discipulus,
965 1025 1198 1108 Palaemouqus

99 1153 165 1196 eum
178 1134 277 1196 secuti
291 1142 378 1195 sunt.

136 1238 307 1320 Dionysius
325 1246 435 1302 autem
449 1237 543 1324 κύρια
558 1236 766 1319 appellavit⁴,
787 1262 802 1292 ι
820 1256 893 1319 quae
909 1243 1074 1320 propriam
1089 1248 1122 1303 et
1137 1241 1200 1303 cir·

99 1348 312 1428 cumscriptarn
336 1345 530 1427 qualitatem
554 1344 744 1427 specialiter
766 1345 956 1424 significant
983 1372 1013 1425 ι,
1037 1365 1109 1427 quae
1124 1354 1202 1409 suut

100 1453 231 1535 deorum,
247 1454 433 1532 hominum,
456 1453 601 1534 urbium,
618 1453 876 1533 provinciarum,
894 1449 1091 1533 insularum,
1109 1472 1202 1517 mon·

100 1560 173 1621 tium
186 1569 216 1623 et
229 1557 432 1623 fluminum⁶.
450 1558 522 1622 Hoc
542 1558 751 1638 vocabulum,
769 1576 834 1638 quo
851 1558 973 1621 dicitur
994 1578 1033 1621 ca
1052 1578 1125 1622 osse
1145 1578 1205 1641 per

100 1665 323 1748 excellentiam,
337 1672 374 1730 ut
389 1652 483 1728 aiunt
497 1666 713 1745 grammatici,
726 1666 873 1745 nomina,
885 1671 917 1727 et
932 1665 1095 1745 quoddam
1110 1670 1204 1746 quasi

100 1774 263 1852 vestigium
293 1774 482 1838 Stoicorum
507 1772 666 1835 doctrinar
694 1772 891 1853 impressum
920 1781 1087 1853 servatur,
1118 1773 1206 1856 apud

102 1877 219 1944 Graecos
232 1889 347 1962 postea
363 1872 533 1943 obtinuit⁸.
551 1879 691 1954 Quodsi
707 1879 747 1941 ad
769 1880 905 1942 verbnm
920 1880 1130 1961 interpretari
1146 1880 1206 1943 La·

101 1988 157 2049 tini
170 1988 360 2070 voluissent,
378 1989 415 2049 in
432 2012 447 2042 ι
464 2006 580 2050 verum
594 1993 678 2049 »aut
695 2010 710 2040 ‹
728 2003 921 2065 germanum
938 2010 953 2041 ι
973 1987 1205 2051 traduxissent.

74 2122 78 2128 ·
102 2093 160 2157 Sed
172 2115 239 2158 rem
253 2099 360 2177 ipsam
375 2098 485 2175 potins
500 2113 599 2175 quarn
621 2110 761 2171 graecam
782 2093 1038 2173 appellationem
1050 2095 1125 2175 jure
1140 2114 1208 2159 res·

102 2201 261 2281 picieutes,
287 2219 339 2282 ea,
362 2203 441 2281 quia
461 2202 594 2281 propria
614 2200 716 2262 unius
737 2218 808 2262 esse
831 2199 950 2281 solent,
974 2204 1102 2279 proprio
1124 2220 1208 2264 uuu-

102 2305 321 2388 cupaverunt'.
346 2306 565 2385 Distinguunt
579 2313 689 2369 autem
709 2312 863 2386 quattuor
881 2311 1089 2388 propriorum
1104 2310 1210 2370 nomi·

101 2431 173 2476 nuru
187 2416 326 2496 species,
342 2409 531 2493 prenomen⁸
546 2412 685 2494 scilicet,
701 2430 822 2490 noman,
839 2430 1013 2490 copoomm,
1031 2412 1208 2492 opnomen'.

103 2519 162 2584 Sed
175 2522 213 2585 de
227 2523 281 2585 his
296 2521 477 2602 vocabulis,
502 2537 586 2600 quae,
608 2527 742 2601 excepto
765 2519 901 2582 fortasse
922 2524 1084 2597 epitomica
1094 2516 1126 2603 ¹⁰,
1144 2538 1212 2584 non

102 2629 258 2707 pecularia
266 2636 345 2694 sunt
359 2629 591 2708 grammaticae,
606 2627 701 2708 plura
716 2626 824 2690 dicere
840 2645 907 2689 uon
921 2647 1032 2691 meum
1048 2635 1108 2692 est.
1127 2626 1212 2692 Cum

105 2753 173 2799 vero
200 2737 286 2818 apud
318 2734 449 2798 Graecos
476 2735 613 2820 διώνυμοι
639 2741 835 2797 vocarentur
859 2734 937 2796 bina
965 2736 1113 2817 nomina,
1141 2754 1213 2817 qnae

102 2842 234 2905 eundem
250 2843 524 2921 demonstrarent,
544 2841 654 2902 Latini
674 2858 804 2921 quoqne
818 2841 962 2919 dioopmo
982 2841 1137 2906 dixerunt
1155 2861 1213 2907 no·

101 2948 274 3012 minaeum
294 2947 555 3030 praenominibus
579 2940 793 3026 conjuncta¹¹.
813 2946 850 3010 Si
865 2946 1091 3027 adjunguntur
1105 2956 1215 3012 autem

126 3216 143 3253 r.
157 3210 215 3267 Vlll,
224 3217 267 3266 453
277 3215 312 3265 80,
323 3211 368 3254 etc.

125 3275 143 3315 a.
157 3273 225 3330 Apud
242 3271 364 3326 nioman,
374 3271 402 3317 Κ.
414 3270 431 3326 Ι,
442 3282 466 3328 p.
477 3275 524 3315 sao.
536 3268 581 3315 sed
596 3272 700 3331 uterquo
716 3280 808 3315 noman
822 3281 921 3328 quoquo
937 3270 1046 3328 generali
1061 3283 1135 3318 sensu
1150 3285 1219 3319 usur-

103 3335 140 3388 pat
148 3334 186 3388 (cl.
196 3345 282 3392 supra,
292 3344 316 3389 p.
327 3339 362 3388 75,
373 3345 397 3378 n.
409 3335 439 3388 4).

126 3400 144 3439 t.
159 3396 271 3451 Quintil,
280 3395 296 3449 Ι,
309 3401 328 3451 l,
339 3401 372 3441 aa.

126 3462 145 3502 i.
158 3458 182 3503 P.
193 3465 226 3504 33.

126 3523 145 3565 o.
160 3521 280 3576 nioman,
290 3521 318 3568 K.
328 3521 346 3577 l,
357 3532 382 3578 p.
393 3525 446 3574 3203
459 3518 490 3565 cl.
501 3518 627 3574 Priscian,
638 3517 725 3564 Periit.
735 3519 780 3565 XI!
788 3517 894 3574 AEaeit„
904 3524 959 3577 etc,
970 3520 998 3567 Κ.
1008 3521 1048 3575 ΙΙΙ,
1059 3534 1082 3579 p.
1092 3529 1140 3569 tto.

128 3586 146 3625 6.
160 3581 194 3627 cl.
205 3580 286 3639 Apoll.
299 3583 377 3640 Dysc„
387 3582 421 3626 De
431 3582 532 3632 constr„
543 3579 571 3634 ΙΙ,
583 3584 603 3624 Ι.

128 3645 147 3685 Ι,
162 3642 196 3689 Gi.
207 3645 354 3699 Romanurn,
366 3642 540 3689 carpinianum
550 3641 586 3693 (ΙΙ.
598 3642 615 3695 Ι,
627 3654 651 3699 p.
664 3647 710 3697 118,
721 3644 769 3696 asc)
780 3644 923 3702 ceterosque
933 3644 1094 3702 artigraphos.
1104 3643 1130 3690 ld
1140 3646 1221 3693 tamon

105 3704 235 3750 notandum
246 3707 282 3750 est
291 3722 300 3743 ι
309 3713 373 3763 κύριος
383 3721 393 3743 n
403 3705 426 3748 et
438 3703 591 3760 «proprius»
602 3703 694 3761 puriter
704 3703 769 3760 apud
781 3706 953 3761 grammaticos
963 3707 994 3752 ad
1005 3719 1047 3752 aas
1057 3705 1223 3763 designandas

107 3762 223 3811 dictiones
237 3765 327 3811 usitata
341 3775 403 3820 essa,
413 3776 469 3821 quaa
483 3775 533 3809 non
548 3764 724 3821 metaphorice,
735 3763 778 3810 sad
794 3778 840 3810 suo
849 3778 907 3811 vcro
917 3777 947 3812 ac
959 3767 1059 3825 proprio
1070 3779 1145 3813 sensu
1155 3780 1224 3814 usur·

107 3828 198 3882 panim.

129 3894 148 3932 8.
163 3889 197 3935 cl.
208 3890 310 3935 Varrou.
321 3889 369 3945 (lx,
380 3889 423 3943 60),
434 3887 547 3933 Verrium
558 3888 637 3943 (Fert,
646 3899 671 3944 p.
682 3890 738 3943 257),
749 3891 808 3942 otc.;
818 3888 868 3934 alio
878 3902 960 3946 sensu,
972 3903 1011 3949 ap.
1022 3892 1090 3939 Vari.
1101 3893 1148 3950 lix,
1159 3895 1201 3949 ΙΙ).

130 3955 149 3995 a.
163 3951 282 4007 Diomed.‚
292 3951 319 3997 K.
331 3951 349 4007 1,
360 3963 384 4008 p.
396 3949 585 4006 3213Priscian„
596 3950 624 3994 Κ.
635 3951 664 4003 ΙΙ,
675 3962 699 4007 p.
711 3956 759 4007 257,
769 3956 815 3997 otc.

131 4020 162 4058 ιο,
172 4014 243 4068 Quod
254 4027 315 4060 num
325 4025 354 4058 ex
364 4027 387 4057 v.
400 4019 498 4066 ιπωνύμου
508 4013 546 4067 (ιιι
555 4026 579 4054 =
589 4012 628 4067 ad,
641 4014 702 4068 ὄνομα
710 4029 734 4054 =
745 4025 847 4068 contem
858 4014 889 4060 cl.
898 4011 947 4059 ad·
951 4014 1068 4071 jactivam
1077 4032 1101 4057 =
1110 4027 1140 4062 nu
1147 4042 1156 4053 ·
1164 4024 1224 4071 taxii,

107 4074 159 4129 stc.)
169 4077 307 4123 traductum
317 4077 355 4131 sit,
366 4076 489 4121 incertum
499 4077 542 4118 est.

133 4143 164 4182 11.
180 4138 215 4185 cf.
226 4141 307 4185 tamen
322 4140 397 4193 serv„
407 4137 435 4182 K.
446 4136 484 4191 IV,
495 4148 520 4193 p.
530 4143 570 4182 429
581 4153 587 4181 ι
600 4155 610 4175 α
621 4136 739 4192 Quotiens
749 4137 799 4184 duo
809 4137 920 4193 (uomina
930 4137 1107 4195 inveniuntur),
1119 4141 1227 4197 plerum·

108 4207 154 4255 quo
168 4212 309 4256 praenoman
323 4203 347 4261 at
362 4210 509 4256 cognomen,
521 4198 542 4243 si
556 4198 659 4244 libertus
675 4202 723 4256 est;
739 4212 796 4245 nam
808 4212 858 4246 uon
872 4204 952 4258 potest
968 4200 1070 4248 libortus
1083 4201 1173 4250 habore
1185 4217 1227 4252 no·

108 4270 163 4307 men
172 4263 239 4321 quod
248 4263 369 4311 familiam
380 4260 511 4319 significat,
522 4272 579 4306 oum
589 4259 643 4319 ipse
652 4262 706 4308 sine
717 4262 811 4308 familia
820 4263 858 4309 sit.
870 4280 880 4302 ν

215 4365 246 4397 nit
261 4366 355 4399 fluuii.
371 4363 461 4395 ΥΟὒΔΒ.
1109 4359 1122 4399 ὃ
