2970 4942
558 461 779 524 ..11-

102 622 164 684 pro
183 604 300 684 regula
317 605 532 686 respicerent,
550 604 700 686 exempla
714 606 871 685 colligere
886 624 923 670 ac
939 608 1129 691 depromere
1149 615 1229 674 satis

104 711 288 790 habebant,
309 718 353 792 et,
375 713 405 773 si
425 712 508 775 sorte
531 715 567 773 in
588 714 817 790 grammaticas
840 719 1039 794 quaestiones
1062 716 1226 780 interdum

103 818 303 899 inciderent,
320 835 385 880 non
402 819 477 881 ideo
492 818 606 881 induci
621 828 772 899 poteraut
782 827 819 883 ut
833 820 911 884 inde
921 839 1039 902 corpus
1050 823 1225 904 quoddam,

103 943 216 987 veram
251 924 463 1005 disciplinam
500 926 739 1007 scientiamque
777 928 956 991 efficerent.
997 930 1228 993 Aristarcbeos

103 1040 230 1113 eontra,
253 1049 328 1094 cnm
347 1036 594 1110 grammaticam
613 1052 672 1113 per
691 1052 727 1097 se
747 1037 852 1115 ipsam
874 1040 1052 1099 tractarent
1065 1044 1098 1099 et
1118 1038 1229 1099 omnia

3 1199 6 1203 .
102 1138 147 1199 ad
160 1140 323 1202 rationem
330 1138 547 1220 appellarent,
566 1140 698 1219 penitus
713 1139 863 1219 linguam
874 1143 1058 1223 observare,
1071 1142 1229 1205 vocabula

103 1249 194 1308 iuter
208 1264 243 1307 se
259 1263 455 1326 componere
471 1254 504 1310 et
522 1251 558 1308 in
573 1247 705 1310 diversa
724 1265 847 1326 genera
861 1249 1058 1313 distribuere
1077 1258 1113 1311 ut
1133 1268 1228 1329 regu·

103 1351 155 1413 las
170 1359 202 1414 et
217 1359 380 1432 praecepta
392 1360 564 1434 ponerent,
583 1359 828 1431 grammaticam
843 1356 986 1437 denique
996 1357 1037 1418 ad
1052 1358 1228 1437 perlectam

102 1459 270 1539 quandam
288 1466 391 1522 artem
411 1459 551 1524 evehere
572 1478 706 1523 necesse
726 1460 828 1524 erat¹.
851 1462 966 1543 Itaque
988 1464 1074 1543 apud
1097 1462 1228 1526 Graecos

105 1592 121 1621 ι
140 1566 293 1628 technica
311 1591 326 1621 »
350 1570 570 1645 grammaticae
590 1567 721 1649 lingua,
739 1587 814 1631 cum
835 1568 1047 1650 philosophis
1065 1577 1152 1651 nata,
1170 1588 1230 1650 per

104 1672 236 1736 Stoicos
251 1673 374 1753 adulta,
391 1674 432 1735 ab
447 1672 683 1737 Alexandrinis
698 1676 832 1738 demum
847 1686 1073 1739 consummata
1087 1680 1181 1758 (quasi
1196 1687 1229 1739 et

101 1780 255 1842 absoluta
269 1786 329 1843 est.
348 1780 534 1844 Peculieris
550 1784 640 1843 enim
656 1783 816 1863 cujusque
834 1784 915 1845 artis
930 1792 986 1845 aut
1001 1786 1147 1847 scientiae
1163 1782 1229 1846 lin·

102 1905 169 1964 gua
188 1888 302 1951 eadem
321 1888 466 1969 fortuna,
489 1906 554 1968 que
566 1885 646 1969 'ipsa
666 1908 717 1952 ars
738 1898 794 1952 eut
814 1891 964 1967 scientia,
981 1894 1032 1952 uti
1054 1889 1148 1971 solet,
1167 1909 1229 1975 nec

102 1995 173 2056 nisi
187 2013 300 2057 earnm
315 1996 431 2075 opibus
447 2003 479 2057 et
494 1998 708 2059 incrementis
723 1997 855 2060 ditescit
869 2005 901 2059 et
916 1998 1135 2079 progreditur,
1153 2014 1227 2061 cum

102 2120 144 2162 ea
158 2108 286 2162 tautum
301 2104 435 2182 proprio
455 2105 590 2165 nomine
605 2113 774 2185 ornentur,
794 2121 866 2183 qum
886 2102 983 2183 plane
1002 2111 1180 2167 noscantur
1196 2113 1228 2166 et

102 2208 317 2271 definiantur.

152 2314 224 2387 Quo
238 2324 385 2394 tempore
402 2316 489 2396 apud
499 2316 664 2378 Romanos
675 2315 880 2380 Aristarchei
894 2316 1039 2396 primunr
1049 2317 1225 2397 valuerint,

102 2421 242 2483 decerni
262 2439 331 2483 non
349 2429 469 2501 potest.
486 2422 559 2485 Hoc
578 2423 694 2485 saltem
710 2430 836 2486 certum
857 2442 928 2486 esse
943 2422 1086 2505 videtur,
1104 2424 1230 2503 Diony-

103 2528 195 2589 sium
224 2527 397 2608 Thracem,
429 2528 615 2592 Aristarchi
645 2528 859 2611 discipulum,
891 2530 950 2610 qui
978 2533 1104 2609 primus
1128 2539 1230 2592 artem

104 2635 352 2712 grammaticam
368 2635 484 2716 edidit,
498 2654 562 2717 qua
575 2660 589 2688 «
604 2636 750 2700 techuiei
765 2636 898 2698 termini
914 2660 928 2689 »
943 2635 1113 2699 enucleate
1128 2636 1230 2716 expli-

104 2749 260 2803 carentur
284 2747 316 2803 et
339 2744 376 2802 iu
398 2760 501 2803 unum
524 2741 689 2822 quoddam
710 2760 828 2822 corpus
850 2743 1090 2820 redigerentur,
1118 2743 1230 2805 Romae

105 2847 220 2924 Magni
234 2847 387 2929 Pompeii
402 2855 495 2910 aetate
511 2866 630 2928 pueros
645 2867 738 2911 snam
754 2849 938 2911 doctrinam
958 2850 1109 2912 docuisse
1120 2848 1143 2911 ².
1162 2848 1232 2912 Nec

103 2954 250 3016 dubitari
273 2962 398 3035 potest,
426 2957 507 3036 quiu
531 2953 687 3036 Dionysii
713 2955 892 3035 disciplina
916 2975 991 3019 cum
1014 2955 1075 3018 illo
1100 2955 1227 3037 libello,

39 3059 41 3061 ’
103 3080 205 3140 quem
221 3069 386 3125 servatum
401 3062 572 3142 habemuS,
590 3063 725 3125 omniuo
742 3070 962 3125 consentanee
982 3060 1115 3125 luerit³.
1132 3062 1230 3125 Pom·

106 3168 175 3248 peii
191 3186 268 3245 ergo
282 3176 429 3249 tempore
445 3169 577 3231 demum
592 3168 895 3249 perfectaquaedam
905 3169 942 3229 in
956 3169 1054 3231 rebus
1069 3187 1230 3248 gramma·

105 3276 182 3338 ticis
198 3274 387 3339 Graecorum
402 3275 519 3355 lingua
537 3276 677 3338 Romam
691 3294 766 3338 vere
788 3275 975 3338 introducta
990 3283 1051 3337 est.
1069 3276 1179 3355 Atque
1194 3280 1230 3337 iu

105 3383 170 3445 hoc
189 3400 263 3445 meo
282 3381 398 3446 libello
418 3400 456 3445 ea
475 3383 543 3445 iere
558 3401 624 3445 una
639 3384 776 3463 quaestio
791 3401 827 3445 re
844 3383 917 3464 ipsa
932 3383 1132 3463 tractabitur,
1150 3400 1231 3462 quo·

134 3584 154 3623 1.
170 3578 202 3622 De
214 3578 417 3623 contentlonlhus
432 3579 496 3623 inter
506 3578 631 3625 Crateteos
640 3581 665 3624 et
678 3578 848 3625 Aristarcbeos
858 3576 980 3623 disserere
995 3577 1153 3633 supersedeo.
1167 3578 1231 3623 «No-

104 3640 144 3685 bis
159 3640 268 3696 quidem,
283 3644 309 3685 ut
323 3653 411 3686 verum
427 3640 555 3695 fateamur,
572 3644 621 3686 tota
634 3641 682 3686 ista
697 3640 843 3697 disceptatio
859 3640 899 3684 vix
914 3644 981 3684 tauto
998 3639 1066 3684 biatu
1082 3639 1158 3695 digna
1175 3651 1230 3684 esee

104 3701 213 3756 uidetur,
223 3713 270 3747 nec
284 3701 343 3746 satis
357 3700 529 3759 intelligimus,
545 3702 669 3759 quomodo
685 3702 711 3746 in
728 3701 775 3747 ista
789 3713 816 3746 re
831 3705 880 3746 tam
894 3699 976 3758 ampla
991 3700 1101 3745 certandi
1116 3700 1231 3745 materies

105 3764 187 3820 poeiin
196 3763 235 3806 sit.
247 3779 256 3800 n
267 3762 389 3819 (Classen,
399 3762 414 3808 l.
427 3775 456 3816 c,
467 3775 490 3820 p.
502 3767 547 3814 80.)

133 3831 152 3870 2.
170 3824 205 3870 Cf.
222 3824 355 3881 Cbcssang,
366 3825 392 3871 tc
407 3825 563 3870 &atterutro
573 3823 602 3871 de
617 3826 698 3883 Dcupa
708 3822 737 3870 dc
749 3823 848 3876 limace,
858 3824 986 3869 Aunucirc
996 3821 1025 3869 dc
1035 3822 1129 3869 t’Asaoc.
1140 3835 1163 3880 p.
1176 3822 1231 3868 l’eu-
1312 3848 1315 3856 ·

103 3899 205 3946 corrup.
222 3885 263 3934 dee
278 3887 306 3933 e't
322 3901 359 3947 qr.
375 3899 405 3933 en
420 3888 574 3944 Fr.,1au,p.
587 3893 638 3943 1783
654 3887 680 3933 0.
697 3886 809 3941 Frmhdo,
824 3887 867 3931 Dte
882 3883 1090 3945 Antcnpsprttnee
1104 3883 1149 3931 der
1162 3896 1230 3930 roeut.

104 3952 225 4002 Grenici,
236 3962 259 4007 p.
272 3958 306 3994 ru.

131 4017 153 4056 t.
168 4013 202 4058 De
217 4012 397 4058 auctoritatem
407 4013 495 4058 ellectu
511 4012 585 4069 hujus
600 4010 687 4066 libelli,
698 4010 740 4068 qui
756 4010 868 4066 regnavit
882 4010 909 4055 in
925 4009 1017 4055 scholis
1033 4008 1231 4065 grecisaprimo

103 4089 127 4121 a.
139 4076 195 4122 Chr.
212 4074 305 4120 smculo
320 4087 400 4131 usque
415 4075 445 4119 ad
461 4075 502 4120 xli
514 4087 537 4132 p.
551 4076 615 4129 Chr,
630 4085 660 4119 ex
675 4085 724 4129 quo
739 4076 773 4117 tot
787 4073 814 4116 in
828 4077 892 4118 artes
907 4071 1079 4129 grammaticas
1095 4071 1231 4115 nVnrroue

104 4148 186 4194 usque
194 4137 225 4183 ad
234 4138 356 4182 Donatum
367 4140 391 4182 et
402 4137 565 4193 Priscianum,
574 4140 598 4180 et
605 4147 650 4193 per
660 4136 779 4180 Donatum
792 4147 821 4179 ac
831 4134 984 4180 l'riscianum
995 4144 1075 4190 usque
1083 4133 1112 4177 ad
1121 4131 1230 4177 medium

102 4211 187 4245 sevum
205 4203 229 4246 et
245 4203 356 4245 nostrum
374 4200 447 4244 etiam
465 4202 563 4257 tempus
580 4201 752 4253 manaverunt,
768 4197 799 4243 cl.
817 4198 844 4245 G.
863 4196 943 4254 Ublig,
962 4196 1064 4253 Dionys.
1083 4196 1168 4243 Thrac.
1186 4197 1231 4239 ,tre

103 4264 225 4317 Granum,
236 4261 381 4318 prolegom,
393 4274 417 4318 p.
429 4277 455 4307 v1
466 4274 502 4319 sq.
