2970 4942
556 415 779 481 ..17-

11 638 13 649 ,
110 557 262 643 graphia¹
277 562 515 642 questionibus
531 563 604 642 eJus
618 564 796 625 auctoritas
817 560 1014 642 appellatur.
1041 560 1107 627 Sed
1127 581 1228 644 quam

111 672 195 734 levia
214 669 283 732 sint
302 669 373 731 haec
392 675 586 748 argumenta
604 668 722 749 liquet.
746 668 836 743 Quid
856 686 934 732 vero
956 669 997 732 de
1016 672 1229 750 sequentibus

11 808 12 813 1
111 772 243 840 dicam?
266 776 395 840 Scucss
413 779 502 838 enim
516 784 553 839 ut
569 779 738 838 testimonia
753 775 815 839 hos
830 775 921 840 locos
935 777 1036 840 refert
1053 798 1061 839 :
1081 801 1096 833 ι
1114 777 1229 860 Itaque

11 956 12 959 Ἴ
111 882 392 947 herculeintibris
404 881 577 946 Ciceronis
589 883 836 961 deprehendere
847 883 937 965 licet,
950 900 1016 946 non
1027 886 1227 967 geometria,

112 1009 177 1054 non
200 993 347 1072 musicae,
375 1007 441 1053 non
463 992 678 1069 prammutica‘,
696 1007 764 1052 non
786 989 928 1070 denique
950 989 1054 1054 ullius
1076 993 1229 1071 ingenuae

11 1136 12 1139 =
112 1099 189 1160 artis
205 1098 378 1160 scientiam
393 1095 550 1158 defuisse.
571 1117 586 1148 »
603 1090 698 1177 (Diui.
715 1095 752 1155 de
767 1097 867 1176 Oret,
884 1091 956 1179 30.)
972 1131 1015 1141 -
1033 1122 1048 1152 ι
1062 1095 1128 1161 Sed
1144 1097 1230 1160 nihil

113 1204 377 1283 eugrammatica
389 1205 551 1281 nocuerit,
568 1202 637 1264 nisi
650 1202 740 1282 quod
754 1220 994 1282 supervacuum
1009 1210 1072 1266 est.
1087 1203 1140 1265 An
1156 1204 1231 1269 ideo

113 1311 221 1373 minor
239 1317 289 1372 est
308 1309 354 1370 M.
371 1307 503 1372 Tullius
524 1318 643 1390 orator,
661 1308 748 1390 quod
768 1308 859 1372 idem
878 1309 958 1374 artis
974 1309 1075 1374 huius
1089 1309 1231 1390 diligen·

113 1418 260 1480 tissimus
275 1417 350 1496 luit,
368 1423 401 1478 et
420 1418 457 1478 in
476 1416 560 1496 filio,
577 1423 614 1478 ut
634 1413 786 1495 epistolis
804 1423 951 1499 apparet,
968 1424 1056 1480 recte
1074 1417 1232 1499 loquendi

113 1541 208 1604 asper
221 1541 350 1604 quoque
371 1518 526 1587 exactor?
546 1530 603 1586 aut
622 1523 691 1584 vim
708 1520 749 1585 C.
767 1520 907 1586 Caesaris
921 1524 1093 1602 fregerunt
1107 1527 1180 1587 editt
1192 1525 1233 1588 de

112 1629 264 1707 analogia
284 1631 356 1690 iibri
365 1628 380 1692 1
397 1653 412 1684 »
435 1626 608 1713 (Quintil,
626 1630 655 1710 I,
675 1626 707 1710 t,
725 1624 797 1713 34.)
813 1629 903 1704 Quid
917 1629 1039 1693 clarius
1054 1638 1086 1694 et
1100 1631 1141 1693 ad
1160 1647 1233 1711 pro·

113 1736 257 1800 handum
272 1736 437 1800 efficacius
446 1739 563 1799 afferre
578 1737 693 1816 possit,
707 1736 765 1815 qui
775 1755 795 1799 a
806 1734 965 1800 Cicerone
981 1736 1113 1799 nullum
1128 1753 1235 1815 gratn-

113 1843 270 1911 maticum
289 1842 412 1906 librum
433 1842 560 1906 editum
574 1861 646 1906 esse
664 1843 878 1906 manifestum
896 1842 1002 1906 facere
1017 1836 1123 1906 velit?
1138 1842 1235 1917 Quod

113 1959 224 2015 autem
239 1950 396 2014 nonnulli
414 1974 429 2006 ι
448 1951 592 2014 technici
613 1951 779 2013 termini»
802 1950 889 2030 apud
908 1969 984 2013 eum
1003 1951 1232 2032 inveniuntur,

114 2059 193 2123 inde
207 2057 324 2135 colligi
340 2064 447 2138 potest
462 2075 518 2121 eos
534 2064 613 2121 tnnc
627 2058 664 2119 in
679 2076 742 2120 usu
756 2058 925 2121 communi
938 2057 1053 2121 fuisse.

159 2165 314 2229 Verrium
334 2161 506 2229 Flaccum*
526 2166 713 2245 accepimus
732 2165 875 2242 Augusti
898 2166 1102 2245 temporibus
1121 2166 1168 2228 ita
1182 2168 1234 2227 in·

113 2273 285 2354 claruisse,
303 2281 339 2334 ut
353 2273 394 2335 ab
408 2275 480 2353 ipso
500 2272 648 2352 principe
668 2273 843 2353 nepotibus
863 2272 935 2352 ejus
954 2281 1135 2353 praeceptor
1149 2272 1234 2335 elec-

113 2389 179 2461 tus,
196 2397 272 2443 cum
286 2386 355 2442 tota
370 2378 484 2442 schola
505 2381 541 2441 in
565 2376 732 2441 Palatium
754 2378 919 2441 transiret.
944 2377 1048 2441 Porro
1072 2386 1104 2442 et
1122 2378 1235 2460 plures

112 2487 217 2551 libros
241 2487 484 2567 grammaticos,
513 2509 528 2538 «
547 2485 586 2548 de
611 2484 879 2565 orthographia»
905 2484 1045 2567 00111001,
1075 2509 1090 2540 «
1107 2486 1236 2549 110000-

113 2593 206 2657 curis
229 2590 366 2655 Catonis
379 2617 410 2674 ι»,
432 2591 528 2673 alios,
545 2593 603 2674 qui
618 2593 799 2673 perierunt,
821 2593 1022 2674 composuit,
1049 2600 1081 2656 et
1106 2593 1237 2672 scripsit

114 2718 231 2780 opus«
250 2699 290 2761 de
305 2696 515 2778 significatu³
529 2700 704 2762 verborum
722 2724 736 2753 »
754 2699 883 2777 ingenti
902 2696 1065 2761 librorum
1085 2716 1235 2778 numero,

114 2807 225 2869 omnis
250 2805 407 2869 doctrinae
431 2805 580 2886 plenum,
603 2806 846 2888 antiquissimis
865 2805 1066 2887 optimisque
1092 2805 1238 2869 lontibus

113 2915 163 2975 ita
176 2932 269 2996 usus,
286 2920 324 2975 ut
339 2912 503 2991 singulari
518 2911 704 2975 eruditione
724 2920 756 2975 et
775 2913 904 2990 ingenii
924 2915 1077 2976 acumine
1096 2912 1240 2976 clarissi-

114 3021 182 3084 mis
196 3020 284 3083 inter
298 3019 465 3082 Romanos
484 3025 517 3081 et
536 3019 604 3081 iere
619 3020 707 3081 inter
722 3017 853 3083 Graecos
874 3018 1059 3098 philologis
1075 3019 1164 3082 haud
1179 3020 1241 3081 im·

115 3126 358 3206 pervideatur.
381 3124 467 3188 Tum
487 3143 526 3187 ex
545 3143 583 3188 eo
603 3126 687 3188 tanti
706 3125 866 3188 momenti
885 3143 983 3205 opere
1004 3126 1169 3206 precipua
1188 3143 1241 3187 ex·

116 3236 240 3313 eerpsit
262 3232 442 3313 Pompeius
463 3230 591 3314 Festus,
616 3250 757 3313 quorum
782 3239 1009 3312 excerptorum
1029 3251 1105 3314 pars
1125 3232 1166 3294 ad
1181 3249 1242 3295 nos

117 3341 298 3421 pervenit,
328 3356 366 3399 ex
390 3337 534 3401 Festinis
556 3339 679 3402 iterum
706 3337 832 3401 Paulus
856 3339 1023 3420 epitomen
1047 3339 1143 3419 iecit,
1171 3354 1242 3419 quae

115 3451 251 3509 aetatem
261 3443 350 3508 tulit.
365 3443 476 3508 Verrii
492 3462 569 3523 ergo
584 3463 652 3508 non
667 3445 857 3525 conjectum
871 3453 1011 3526 tantum,
1026 3444 1243 3508 sedvivisad·

116 3552 189 3615 huc
199 3552 327 3630 ingenii
337 3552 411 3631 eius
421 3553 646 3615 monumentis
661 3553 842 3630 imaginem
855 3571 968 3616 veram
978 3553 1074 3616 nobis
1089 3552 1244 3629 effingere

146 3848 167 3886 1.
184 3841 297 3898 Quintil,
307 3841 326 3897 Ι,
336 3848 402 3899 4,11;
414 3842 515 3897 Victor,
527 3842 555 3888 K.
565 3841 604 3896 VI,
616 3854 640 3899 p.
653 3846 685 3887 18.

146 3911 169 3951 2.
185 3903 220 3951 cl.
231 3906 341 3960 Sueten,
351 3904 367 3950 t.
379 3917 407 3957 c..
418 3912 430 3955 1
442 3912 479 3959 11,
490 3905 516 3951 C.
528 3904 555 3950 0.
566 3902 676 3959 Mueller,
686 3903 754 3950 Secti
768 3904 879 3962 Pompeii
895 3906 959 3952 Festi
969 3904 998 3953 de
1008 3904 1139 3953 certorum
1154 3900 1248 3961 aiquili-

116 3966 219 4012 cottona
227 3967 307 4022 (1080),
317 3966 425 4024 praetat.;
437 3966 575 4020 Hoffmann,
586 3967 619 4011 De
633 3965 696 4011 Festi
706 3963 735 4011 de
745 3965 877 4012 certorum
892 3967 1074 4026 ctpntfioutione
1088 3964 1161 4011 tibris
1171 3973 1248 4025 quaeo·

117 4029 201 4075 tiones
211 4030 296 4085 (1886);
307 4028 481 4083 Reitzenstein,
496 4027 666 4076 Verrtuutccte
675 4027 859 4086 Fericiuupott.
870 4030 897 4075 in
907 4029 1019 4076 Bresiuu.
1029 4026 1115 4088 philol.
1128 4024 1248 4075 10110001.

118 4091 129 4136 Ι
139 4091 315 4147 (1881),(10111,
326 4090 390 4138 Berl.
402 4089 488 4139 rtttot.
501 4089 665 4139 Woctemctr.
677 4092 756 4145 (1801),
766 4089 812 4136 001.
823 4096 874 4137 1119
885 4104 951 4150 squ,
965 4093 991 4139 0.
1003 4089 1114 4146 Froehde,
1125 4087 1250 4136 Dolionis

118 4151 239 4199 Marcello
249 4156 271 4201 et
285 4153 368 4199 Verrio
379 4151 463 4199 Flacco
474 4155 553 4209 (1890).

149 4220 172 4260 e,
187 4214 228 4261 Sic
239 4214 344 4268 Gellius,
354 4214 384 4268 V,
395 4220 428 4260 tt.

234 4316 268 4348 nu
282 4315 378 4348 essum.
393 4314 483 4349 voeso.
1132 4305 1146 4345 2
