<?xml version="1.0" encoding="UTF-8"?>
<!DOCTYPE html PUBLIC "-//W3C//DTD XHTML 1.0 Transitional//EN"
    "http://www.w3.org/TR/xhtml1/DTD/xhtml1-transitional.dtd">
<html xmlns="http://www.w3.org/1999/xhtml" xml:lang="en" lang="en">
 <head>
  <title>
</title>
<meta http-equiv="Content-Type" content="text/html;charset=utf-8" />
  <meta name='ocr-system' content='tesseract 3.04.00' />
  <meta name='ocr-capabilities' content='ocr_page ocr_carea ocr_par ocr_line ocrx_word'/>
</head>
<body>
  <div class='ocr_page' id='page_1' title='image "./degrammaticisvo00jobgoog_0142.png"; bbox 0 0 2918 4942; ppageno 0'>
   <div class='ocr_carea' id='block_1_1' title="bbox 523 466 770 533">
    <p class='ocr_par' dir='ltr' id='par_1_1' title="bbox 523 466 770 533">
     <span class='ocr_line' id='line_1_1' title="bbox 523 466 770 533; baseline 0.008 -2"><span class='ocrx_word' id='word_1_1' title='bbox 523 466 770 533; x_wconf 81' lang='lat'>-131-</span> 
     </span>
    </p>
   </div>
   <div class='ocr_carea' id='block_1_2' title="bbox 500 756 788 825">
    <p class='ocr_par' dir='ltr' id='par_1_2' title="bbox 500 756 788 825">
     <span class='ocr_line' id='line_1_2' title="bbox 500 756 788 825; baseline -0.007 0"><span class='ocrx_word' id='word_1_2' title='bbox 500 760 557 825; x_wconf 86' lang='lat' dir='ltr'>De</span> <span class='ocrx_word' id='word_1_3' title='bbox 585 756 788 824; x_wconf 82' lang='lat' dir='ltr'>adverbio.</span> 
     </span>
    </p>
   </div>
   <div class='ocr_carea' id='block_1_3' title="bbox 79 963 1212 2437">
    <p class='ocr_par' dir='ltr' id='par_1_3' title="bbox 79 963 1211 2117">
     <span class='ocr_line' id='line_1_3' title="bbox 127 963 1206 1047; baseline 0 -18"><span class='ocrx_word' id='word_1_4' title='bbox 127 968 282 1030; x_wconf 76' lang='lat' dir='ltr'>Aduerbio</span> <span class='ocrx_word' id='word_1_5' title='bbox 298 968 386 1028; x_wconf 87' lang='lat' dir='ltr'>inter</span> <span class='ocrx_word' id='word_1_6' title='bbox 403 968 578 1029; x_wconf 90' lang='lat' dir='ltr'><strong>nominum</strong></span> <span class='ocrx_word' id='word_1_7' title='bbox 598 982 691 1029; x_wconf 87' lang='lat' dir='ltr'>casus</span> <span class='ocrx_word' id='word_1_8' title='bbox 711 964 751 1027; x_wconf 86' lang='lat' dir='ltr'>ab</span> <span class='ocrx_word' id='word_1_9' title='bbox 766 963 947 1029; x_wconf 76' lang='lat' dir='ltr'><strong>Aristotele</strong></span> <span class='ocrx_word' id='word_1_10' title='bbox 966 966 1173 1047; x_wconf 86' lang='lat' dir='ltr'>ponebantur</span> <span class='ocrx_word' id='word_1_11' title='bbox 1184 964 1206 1029; x_wconf 82' lang='lat'>⁸.</span> 
     </span>
     <span class='ocr_line' id='line_1_4' title="bbox 80 1071 1208 1153; baseline -0.001 -16"><span class='ocrx_word' id='word_1_12' title='bbox 80 1073 192 1138; x_wconf 81' lang='lat' dir='ltr'>Stoici</span> <span class='ocrx_word' id='word_1_13' title='bbox 214 1090 293 1138; x_wconf 90' lang='lat' dir='ltr'>vero</span> <span class='ocrx_word' id='word_1_14' title='bbox 319 1091 358 1136; x_wconf 87' lang='lat' dir='ltr'>ea</span> <span class='ocrx_word' id='word_1_15' title='bbox 383 1098 398 1129; x_wconf 82' lang='lat'><strong>«</strong></span> <span class='ocrx_word' id='word_1_16' title='bbox 416 1072 609 1137; x_wconf 87' lang='lat' dir='ltr'>nominibus</span> <span class='ocrx_word' id='word_1_17' title='bbox 636 1071 690 1135; x_wconf 83' lang='lat' dir='ltr'>vel</span> <span class='ocrx_word' id='word_1_18' title='bbox 717 1071 827 1135; x_wconf 85' lang='lat' dir='ltr'>verbis</span> <span class='ocrx_word' id='word_1_19' title='bbox 855 1072 1149 1153; x_wconf 70' lang='lat' dir='ltr'>connumerabant,</span> <span class='ocrx_word' id='word_1_20' title='bbox 1177 1082 1208 1136; x_wconf 88' lang='lat' dir='ltr'>et</span> 
     </span>
     <span class='ocr_line' id='line_1_5' title="bbox 79 1172 1209 1263; baseline 0 -20"><span class='ocrx_word' id='word_1_21' title='bbox 79 1184 181 1263; x_wconf 88' lang='lat' dir='ltr'>quasi</span> <span class='ocrx_word' id='word_1_22' title='bbox 199 1180 361 1262; x_wconf 86' lang='lat' dir='ltr'>adjectiva</span> <span class='ocrx_word' id='word_1_23' title='bbox 379 1178 554 1244; x_wconf 86' lang='lat' dir='ltr'>verborum</span> <span class='ocrx_word' id='word_1_24' title='bbox 574 1172 809 1243; x_wconf 87' lang='lat' dir='ltr'>nominabant¹</span> <span class='ocrx_word' id='word_1_25' title='bbox 825 1202 857 1242; x_wconf 82' lang='lat'>».</span> <span class='ocrx_word' id='word_1_26' title='bbox 880 1179 908 1241; x_wconf 87' lang='grc' dir='ltr'>Α</span> <span class='ocrx_word' id='word_1_27' title='bbox 929 1195 994 1261; x_wconf 87' lang='lat' dir='ltr'>quo</span> <span class='ocrx_word' id='word_1_28' title='bbox 1012 1186 1159 1243; x_wconf 90' lang='lat' dir='ltr'>ceterum</span> <span class='ocrx_word' id='word_1_29' title='bbox 1177 1187 1209 1243; x_wconf 90' lang='lat' dir='ltr'>et</span> 
     </span>
     <span class='ocr_line' id='line_1_6' title="bbox 79 1286 1207 1370; baseline -0.002 -19"><span class='ocrx_word' id='word_1_30' title='bbox 79 1288 217 1370; x_wconf 85' lang='lat' dir='ltr'>quando</span> <span class='ocrx_word' id='word_1_31' title='bbox 228 1287 268 1350; x_wconf 86' lang='lat' dir='ltr'>ab</span> <span class='ocrx_word' id='word_1_32' title='bbox 281 1286 358 1350; x_wconf 90' lang='lat' dir='ltr'>aliis</span> <span class='ocrx_word' id='word_1_33' title='bbox 373 1286 522 1369; x_wconf 86' lang='lat' dir='ltr'>partibus</span> <span class='ocrx_word' id='word_1_34' title='bbox 537 1287 695 1350; x_wconf 86' lang='lat' dir='ltr'>orationis</span> <span class='ocrx_word' id='word_1_35' title='bbox 707 1286 862 1349; x_wconf 89' lang='lat' dir='ltr'>distincta</span> <span class='ocrx_word' id='word_1_36' title='bbox 876 1288 954 1364; x_wconf 92' lang='lat' dir='ltr'>sint,</span> <span class='ocrx_word' id='word_1_37' title='bbox 968 1286 1130 1350; x_wconf 87' lang='lat' dir='ltr'>incertum</span> <span class='ocrx_word' id='word_1_38' title='bbox 1145 1295 1207 1349; x_wconf 88' lang='lat' dir='ltr'>est.</span> 
     </span>
     <span class='ocr_line' id='line_1_7' title="bbox 80 1390 1209 1480; baseline -0.002 -21"><span class='ocrx_word' id='word_1_39' title='bbox 80 1394 187 1477; x_wconf 85' lang='lat' dir='ltr'>Apud</span> <span class='ocrx_word' id='word_1_40' title='bbox 207 1394 408 1474; x_wconf 80' lang='lat' dir='ltr'>Dionysium</span> <span class='ocrx_word' id='word_1_41' title='bbox 428 1392 590 1457; x_wconf 84' lang='lat' dir='ltr'>Thracem</span> <span class='ocrx_word' id='word_1_42' title='bbox 611 1390 811 1480; x_wconf 65' lang='grc' dir='ltr'>ἐπιρῥήματα</span> <span class='ocrx_word' id='word_1_43' title='bbox 830 1399 1065 1474; x_wconf 84' lang='lat' dir='ltr'><strong>nuncupantur</strong></span> <span class='ocrx_word' id='word_1_44' title='bbox 1077 1392 1100 1476; x_wconf 85' lang='lat'>⁸,</span> <span class='ocrx_word' id='word_1_45' title='bbox 1123 1393 1209 1475; x_wconf 90' lang='lat' dir='ltr'>quod</span> 
     </span>
     <span class='ocr_line' id='line_1_8' title="bbox 79 1496 1206 1587; baseline 0.002 -23"><span class='ocrx_word' id='word_1_46' title='bbox 79 1500 283 1566; x_wconf 88' lang='lat' dir='ltr'>vocabulum</span> <span class='ocrx_word' id='word_1_47' title='bbox 302 1499 468 1579; x_wconf 79' lang='lat' dir='ltr'>significat</span> <span class='ocrx_word' id='word_1_48' title='bbox 484 1525 499 1555; x_wconf 68' lang='grc' dir='ltr'><strong><em>ι</em></strong></span> <span class='ocrx_word' id='word_1_49' title='bbox 517 1499 680 1580; x_wconf 85' lang='lat' dir='ltr'>adjectiva</span> <span class='ocrx_word' id='word_1_50' title='bbox 693 1496 788 1582; x_wconf 71' lang='lat' dir='ltr'>(iat-l</span> <span class='ocrx_word' id='word_1_51' title='bbox 803 1498 979 1562; x_wconf 88' lang='lat' dir='ltr'>verborum</span> <span class='ocrx_word' id='word_1_52' title='bbox 998 1497 1156 1587; x_wconf 65' lang='grc' dir='ltr'>(ῥήματα)</span> <span class='ocrx_word' id='word_1_53' title='bbox 1175 1524 1206 1579; x_wconf 84' lang='grc'>»,</span> 
     </span>
     <span class='ocr_line' id='line_1_9' title="bbox 81 1604 1210 1689; baseline -0.001 -18"><span class='ocrx_word' id='word_1_54' title='bbox 81 1615 118 1671; x_wconf 88' lang='lat' dir='ltr'>et</span> <span class='ocrx_word' id='word_1_55' title='bbox 141 1614 316 1688; x_wconf 89' lang='lat' dir='ltr'>propterea</span> <span class='ocrx_word' id='word_1_56' title='bbox 334 1613 390 1669; x_wconf 94' lang='lat' dir='ltr'>aut</span> <span class='ocrx_word' id='word_1_57' title='bbox 408 1625 428 1668; x_wconf 91' lang='lat' dir='ltr'>a</span> <span class='ocrx_word' id='word_1_58' title='bbox 446 1604 570 1669; x_wconf 80' lang='lat' dir='ltr'>Stoicis</span> <span class='ocrx_word' id='word_1_59' title='bbox 593 1605 675 1687; x_wconf 92' lang='lat' dir='ltr'>ipsis</span> <span class='ocrx_word' id='word_1_60' title='bbox 695 1607 808 1669; x_wconf 83' lang='lat' dir='ltr'>ttctum</span> <span class='ocrx_word' id='word_1_61' title='bbox 828 1623 912 1683; x_wconf 87' lang='lat' dir='ltr'>esse,</span> <span class='ocrx_word' id='word_1_62' title='bbox 930 1613 986 1669; x_wconf 90' lang='lat' dir='ltr'>aut</span> <span class='ocrx_word' id='word_1_63' title='bbox 1007 1614 1095 1669; x_wconf 88' lang='lat' dir='ltr'>certe</span> <span class='ocrx_word' id='word_1_64' title='bbox 1115 1608 1156 1689; x_wconf 92' lang='lat' dir='ltr'>sl,</span> <span class='ocrx_word' id='word_1_65' title='bbox 1174 1615 1210 1670; x_wconf 90' lang='lat' dir='ltr'>ut</span> 
     </span>
     <span class='ocr_line' id='line_1_10' title="bbox 82 1708 1210 1800; baseline -0.003 -22"><span class='ocrx_word' id='word_1_66' title='bbox 82 1714 237 1778; x_wconf 72' lang='lat' dir='ltr'>Crassus</span> <span class='ocrx_word' id='word_1_67' title='bbox 252 1711 439 1795; x_wconf 82' lang='lat' dir='ltr'>opinatur⁴,</span> <span class='ocrx_word' id='word_1_68' title='bbox 461 1708 624 1800; x_wconf 66' lang='grc' dir='ltr'>ῥηματικὰ</span> <span class='ocrx_word' id='word_1_69' title='bbox 644 1710 771 1780; x_wconf 73' lang='lat' dir='ltr'>tartarei</span> <span class='ocrx_word' id='word_1_70' title='bbox 786 1711 840 1774; x_wconf 91' lang='lat' dir='ltr'>illi</span> <span class='ocrx_word' id='word_1_71' title='bbox 855 1711 1047 1794; x_wconf 88' lang='lat' dir='ltr'>philosophi</span> <span class='ocrx_word' id='word_1_72' title='bbox 1064 1714 1210 1776; x_wconf 81' lang='lat' dir='ltr'>adverbia</span> 
     </span>
     <span class='ocr_line' id='line_1_11' title="bbox 81 1818 1209 1903; baseline -0.002 -17"><span class='ocrx_word' id='word_1_73' title='bbox 81 1820 309 1903; x_wconf 81' lang='lat' dir='ltr'><strong>appellabant,</strong></span> <span class='ocrx_word' id='word_1_74' title='bbox 336 1838 373 1884; x_wconf 81' lang='lat' dir='ltr'>er</span> <span class='ocrx_word' id='word_1_75' title='bbox 396 1819 460 1883; x_wconf 92' lang='lat' dir='ltr'>hac</span> <span class='ocrx_word' id='word_1_76' title='bbox 484 1818 633 1898; x_wconf 81' lang='lat' dir='ltr'>longiore</span> <span class='ocrx_word' id='word_1_77' title='bbox 658 1820 804 1884; x_wconf 77' lang='lat' dir='ltr'>dictione</span> <span class='ocrx_word' id='word_1_78' title='bbox 825 1820 996 1883; x_wconf 84' lang='lat' dir='ltr'>brevitatis</span> <span class='ocrx_word' id='word_1_79' title='bbox 1019 1838 1116 1884; x_wconf 85' lang='lat' dir='ltr'>causa</span> <span class='ocrx_word' id='word_1_80' title='bbox 1137 1839 1209 1885; x_wconf 87' lang='lat' dir='ltr'>esse</span> 
     </span>
     <span class='ocr_line' id='line_1_12' title="bbox 80 1923 1211 2012; baseline 0 -20"><span class='ocrx_word' id='word_1_81' title='bbox 80 1929 265 1992; x_wconf 89' lang='lat' dir='ltr'>deductum</span> <span class='ocrx_word' id='word_1_82' title='bbox 278 1934 424 2008; x_wconf 89' lang='lat' dir='ltr'>apparet.</span> <span class='ocrx_word' id='word_1_83' title='bbox 436 1923 620 2012; x_wconf 56' lang='grc' dir='ltr'>Ἐπιᾏρημα</span> <span class='ocrx_word' id='word_1_84' title='bbox 633 1934 744 1990; x_wconf 88' lang='lat' dir='ltr'>autem</span> <span class='ocrx_word' id='word_1_85' title='bbox 758 1926 871 1989; x_wconf 90' lang='lat' dir='ltr'>Latini</span> <span class='ocrx_word' id='word_1_86' title='bbox 886 1926 1023 1990; x_wconf 83' lang='lat' dir='ltr'>verbum</span> <span class='ocrx_word' id='word_1_87' title='bbox 1037 1946 1096 2008; x_wconf 91' lang='lat' dir='ltr'>pro</span> <span class='ocrx_word' id='word_1_88' title='bbox 1111 1928 1211 1992; x_wconf 87' lang='lat' dir='ltr'>verbo</span> 
     </span>
     <span class='ocr_line' id='line_1_13' title="bbox 80 2030 821 2117; baseline -0.003 -19"><span class='ocrx_word' id='word_1_89' title='bbox 80 2037 121 2098; x_wconf 92' lang='lat' dir='ltr'>in</span> <span class='ocrx_word' id='word_1_90' title='bbox 139 2035 319 2097; x_wconf 78' lang='lat' dir='ltr'>adverbium</span> <span class='ocrx_word' id='word_1_91' title='bbox 334 2031 403 2116; x_wconf 82' lang='lat' dir='ltr'>(ad-</span> <span class='ocrx_word' id='word_1_92' title='bbox 417 2060 463 2086; x_wconf 96' lang='lat'><strong><em>=</em></strong></span> <span class='ocrx_word' id='word_1_93' title='bbox 476 2030 554 2117; x_wconf 66' lang='lat' dir='ltr'>iar)</span> <span class='ocrx_word' id='word_1_94' title='bbox 571 2032 821 2098; x_wconf 89' lang='lat' dir='ltr'>transtulerunt.</span> 
     </span>
    </p>

    <p class='ocr_par' dir='ltr' id='par_1_4' title="bbox 80 2139 1212 2437">
     <span class='ocr_line' id='line_1_14' title="bbox 132 2139 1210 2220; baseline 0.002 -17"><span class='ocrx_word' id='word_1_95' title='bbox 132 2139 239 2205; x_wconf 89' lang='lat' dir='ltr'>Varro</span> <span class='ocrx_word' id='word_1_96' title='bbox 260 2141 414 2204; x_wconf 86' lang='lat' dir='ltr'>adverbia</span> <span class='ocrx_word' id='word_1_97' title='bbox 434 2158 453 2202; x_wconf 88' lang='lat' dir='ltr'>a</span> <span class='ocrx_word' id='word_1_98' title='bbox 476 2139 593 2204; x_wconf 89' lang='lat' dir='ltr'>ceteris</span> <span class='ocrx_word' id='word_1_99' title='bbox 615 2140 763 2220; x_wconf 87' lang='lat' dir='ltr'>partibus</span> <span class='ocrx_word' id='word_1_100' title='bbox 786 2142 943 2204; x_wconf 87' lang='lat' dir='ltr'>orationis</span> <span class='ocrx_word' id='word_1_101' title='bbox 965 2140 1210 2205; x_wconf 87' lang='lat' dir='ltr'>discriminasse</span> 
     </span>
     <span class='ocr_line' id='line_1_15' title="bbox 80 2246 1212 2330; baseline -0.001 -18"><span class='ocrx_word' id='word_1_102' title='bbox 80 2251 122 2312; x_wconf 91' lang='lat' dir='ltr'>in</span> <span class='ocrx_word' id='word_1_103' title='bbox 139 2267 178 2313; x_wconf 90' lang='lat' dir='ltr'>eo</span> <span class='ocrx_word' id='word_1_104' title='bbox 197 2247 271 2311; x_wconf 91' lang='lat' dir='ltr'>loco</span> <span class='ocrx_word' id='word_1_105' title='bbox 289 2248 433 2329; x_wconf 91' lang='lat' dir='ltr'>videtur,</span> <span class='ocrx_word' id='word_1_106' title='bbox 454 2265 519 2329; x_wconf 89' lang='lat' dir='ltr'>quo</span> <span class='ocrx_word' id='word_1_107' title='bbox 542 2272 557 2303; x_wconf 69' lang='grc' dir='ltr'><strong><em>ι</em></strong></span> <span class='ocrx_word' id='word_1_108' title='bbox 578 2246 841 2310; x_wconf 89' lang='lat' dir='ltr'>adminiculandi</span> <span class='ocrx_word' id='word_1_109' title='bbox 855 2246 1016 2311; x_wconf 83' lang='lat' dir='ltr'>vocabula</span> <span class='ocrx_word' id='word_1_110' title='bbox 1036 2272 1048 2302; x_wconf 75' lang='grc' dir='ltr'><strong><em>ι</em></strong></span> <span class='ocrx_word' id='word_1_111' title='bbox 1067 2248 1212 2330; x_wconf 90' lang='lat' dir='ltr'>appellat</span> 
     </span>
     <span class='ocr_line' id='line_1_16' title="bbox 84 2352 1210 2437; baseline -0.001 -18"><span class='ocrx_word' id='word_1_112' title='bbox 84 2381 101 2410; x_wconf 83' lang='grc'>«</span> <span class='ocrx_word' id='word_1_113' title='bbox 121 2356 218 2419; x_wconf 89' lang='lat' dir='ltr'>docte</span> <span class='ocrx_word' id='word_1_114' title='bbox 240 2363 273 2418; x_wconf 90' lang='lat' dir='ltr'>et</span> <span class='ocrx_word' id='word_1_115' title='bbox 297 2352 487 2418; x_wconf 77' lang='lat' dir='ltr'>commode⁵</span> <span class='ocrx_word' id='word_1_116' title='bbox 504 2378 534 2416; x_wconf 84' lang='lat'>».</span> <span class='ocrx_word' id='word_1_117' title='bbox 558 2355 668 2435; x_wconf 83' lang='lat' dir='ltr'><strong>Atque</strong></span> <span class='ocrx_word' id='word_1_118' title='bbox 690 2354 918 2417; x_wconf 83' lang='lat' dir='ltr'>«adverbium</span> <span class='ocrx_word' id='word_1_119' title='bbox 934 2378 949 2408; x_wconf 81' lang='lat'><strong>»</strong></span> <span class='ocrx_word' id='word_1_120' title='bbox 973 2356 1156 2437; x_wconf 83' lang='lat' dir='ltr'>usurpavit,</span> <span class='ocrx_word' id='word_1_121' title='bbox 1181 2358 1210 2418; x_wconf 87' lang='lat' dir='ltr'>si</span> 
     </span>
    </p>
   </div>
   <div class='ocr_carea' id='block_1_4' title="bbox 79 2458 1212 3182">
    <p class='ocr_par' dir='ltr' id='par_1_5' title="bbox 79 2458 1212 3182">
     <span class='ocr_line' id='line_1_17' title="bbox 79 2458 1208 2544; baseline 0 -19"><span class='ocrx_word' id='word_1_122' title='bbox 79 2470 174 2526; x_wconf 85' lang='lat' dir='ltr'>recte</span> <span class='ocrx_word' id='word_1_123' title='bbox 187 2458 395 2526; x_wconf 79' lang='lat' dir='ltr'>creditur⁸ea</span> <span class='ocrx_word' id='word_1_124' title='bbox 405 2479 444 2523; x_wconf 84' lang='lat' dir='ltr'>ex</span> <span class='ocrx_word' id='word_1_125' title='bbox 454 2459 619 2542; x_wconf 81' lang='lat' dir='ltr'>eJ&#39;uslibro</span> <span class='ocrx_word' id='word_1_126' title='bbox 632 2484 647 2515; x_wconf 69' lang='grc' dir='ltr'><strong><em>ι</em></strong></span> <span class='ocrx_word' id='word_1_127' title='bbox 657 2460 696 2523; x_wconf 89' lang='lat' dir='ltr'>de</span> <span class='ocrx_word' id='word_1_128' title='bbox 708 2463 921 2539; x_wconf 80' lang='lat' dir='ltr'>grammatica</span> <span class='ocrx_word' id='word_1_129' title='bbox 929 2485 944 2515; x_wconf 81' lang='lat'><strong>»</strong></span> <span class='ocrx_word' id='word_1_130' title='bbox 956 2461 1208 2544; x_wconf 81' lang='lat' dir='ltr'>exscriptaesse,</span> 
     </span>
     <span class='ocr_line' id='line_1_18' title="bbox 81 2555 1211 2652; baseline 0 -20"><span class='ocrx_word' id='word_1_131' title='bbox 81 2555 160 2652; x_wconf 68' lang='lat' dir='ltr'>quae</span> <span class='ocrx_word' id='word_1_132' title='bbox 175 2568 217 2631; x_wconf 91' lang='lat' dir='ltr'>ad</span> <span class='ocrx_word' id='word_1_133' title='bbox 236 2567 359 2632; x_wconf 83' lang='lat' dir='ltr'>calcem</span> <span class='ocrx_word' id='word_1_134' title='bbox 379 2558 531 2648; x_wconf 85' lang='lat' dir='ltr'>opusculi</span> <span class='ocrx_word' id='word_1_135' title='bbox 549 2592 564 2623; x_wconf 69' lang='grc' dir='ltr'><strong><em>ι</em></strong></span> <span class='ocrx_word' id='word_1_136' title='bbox 582 2566 624 2640; x_wconf 85' lang='lat' dir='ltr'>Q.</span> <span class='ocrx_word' id='word_1_137' title='bbox 641 2565 789 2630; x_wconf 84' lang='lat' dir='ltr'>Terentii</span> <span class='ocrx_word' id='word_1_138' title='bbox 811 2566 926 2631; x_wconf 87' lang='lat' dir='ltr'>Scauri</span> <span class='ocrx_word' id='word_1_139' title='bbox 946 2566 1032 2631; x_wconf 87' lang='lat' dir='ltr'>liber</span> <span class='ocrx_word' id='word_1_140' title='bbox 1046 2568 1085 2631; x_wconf 88' lang='lat' dir='ltr'>de</span> <span class='ocrx_word' id='word_1_141' title='bbox 1101 2567 1211 2632; x_wconf 91' lang='lat' dir='ltr'>ortho-</span> 
     </span>
     <span class='ocr_line' id='line_1_19' title="bbox 81 2670 1211 2756; baseline -0.001 -18"><span class='ocrx_word' id='word_1_142' title='bbox 81 2675 259 2756; x_wconf 82' lang='lat' dir='ltr'>graphia»</span> <span class='ocrx_word' id='word_1_143' title='bbox 284 2676 436 2756; x_wconf 88' lang='lat' dir='ltr'>inscripti</span> <span class='ocrx_word' id='word_1_144' title='bbox 458 2670 648 2754; x_wconf 83' lang='lat' dir='ltr'>leguntur⁷.</span> <span class='ocrx_word' id='word_1_145' title='bbox 671 2672 738 2737; x_wconf 86' lang='lat' dir='ltr'>Sed</span> <span class='ocrx_word' id='word_1_146' title='bbox 760 2693 799 2736; x_wconf 85' lang='lat' dir='ltr'>ex</span> <span class='ocrx_word' id='word_1_147' title='bbox 821 2674 874 2736; x_wconf 91' lang='lat' dir='ltr'>his</span> <span class='ocrx_word' id='word_1_148' title='bbox 896 2675 979 2755; x_wconf 89' lang='lat' dir='ltr'>ipsis</span> <span class='ocrx_word' id='word_1_149' title='bbox 1000 2676 1211 2756; x_wconf 86' lang='lat' dir='ltr'>perspicuum</span> 
     </span>
     <span class='ocr_line' id='line_1_20' title="bbox 82 2780 1211 2864; baseline 0 -18"><span class='ocrx_word' id='word_1_150' title='bbox 82 2788 135 2846; x_wconf 84' lang='lat' dir='ltr'>est</span> <span class='ocrx_word' id='word_1_151' title='bbox 146 2780 246 2843; x_wconf 92' lang='lat' dir='ltr'>illum</span> <span class='ocrx_word' id='word_1_152' title='bbox 255 2798 322 2844; x_wconf 94' lang='lat' dir='ltr'>non</span> <span class='ocrx_word' id='word_1_153' title='bbox 334 2781 449 2844; x_wconf 89' lang='lat' dir='ltr'>eodem</span> <span class='ocrx_word' id='word_1_154' title='bbox 460 2800 561 2845; x_wconf 91' lang='lat' dir='ltr'>sensu</span> <span class='ocrx_word' id='word_1_155' title='bbox 569 2781 605 2843; x_wconf 91' lang='lat' dir='ltr'>id</span> <span class='ocrx_word' id='word_1_156' title='bbox 615 2780 812 2845; x_wconf 84' lang='lat' dir='ltr'>vocabulum</span> <span class='ocrx_word' id='word_1_157' title='bbox 827 2782 1049 2864; x_wconf 87' lang='lat' dir='ltr'>usurpavisse,</span> <span class='ocrx_word' id='word_1_158' title='bbox 1063 2800 1127 2864; x_wconf 87' lang='lat' dir='ltr'>quo</span> <span class='ocrx_word' id='word_1_159' title='bbox 1137 2800 1211 2863; x_wconf 94' lang='lat' dir='ltr'>pos·</span> 
     </span>
     <span class='ocr_line' id='line_1_21' title="bbox 82 2886 1212 2970; baseline 0.001 -19"><span class='ocrx_word' id='word_1_160' title='bbox 82 2888 226 2951; x_wconf 88' lang='lat' dir='ltr'>teriores</span> <span class='ocrx_word' id='word_1_161' title='bbox 241 2889 362 2951; x_wconf 91' lang='lat' dir='ltr'>artium</span> <span class='ocrx_word' id='word_1_162' title='bbox 376 2892 565 2970; x_wconf 88' lang='lat' dir='ltr'>scriptores.</span> <span class='ocrx_word' id='word_1_163' title='bbox 587 2888 687 2969; x_wconf 84' lang='lat' dir='ltr'>Apud</span> <span class='ocrx_word' id='word_1_164' title='bbox 706 2886 737 2949; x_wconf 93' lang='lat' dir='ltr'>N</span> <span class='ocrx_word' id='word_1_165' title='bbox 740 2890 855 2950; x_wconf 92' lang='lat' dir='ltr'>onium</span> <span class='ocrx_word' id='word_1_166' title='bbox 874 2888 1069 2953; x_wconf 87' lang='lat' dir='ltr'>Marcellum</span> <span class='ocrx_word' id='word_1_167' title='bbox 1082 2891 1212 2952; x_wconf 82' lang='lat' dir='ltr'>autem⁸</span> 
     </span>
     <span class='ocr_line' id='line_1_22' title="bbox 84 2994 1212 3075; baseline 0.004 -18"><span class='ocrx_word' id='word_1_168' title='bbox 84 2994 249 3075; x_wconf 85' lang='lat' dir='ltr'>Nigidius</span> <span class='ocrx_word' id='word_1_169' title='bbox 264 2994 447 3058; x_wconf 78' lang='lat' dir='ltr'>adverbia«</span> <span class='ocrx_word' id='word_1_170' title='bbox 461 2994 637 3075; x_wconf 86' lang='lat' dir='ltr'>expulsim,</span> <span class='ocrx_word' id='word_1_171' title='bbox 655 2994 778 3057; x_wconf 88' lang='lat' dir='ltr'>cursim</span> <span class='ocrx_word' id='word_1_172' title='bbox 790 3017 806 3049; x_wconf 87' lang='lat'><strong>»</strong></span> <span class='ocrx_word' id='word_1_173' title='bbox 818 2996 978 3075; x_wconf 87' lang='lat' dir='ltr'>nominat,</span> <span class='ocrx_word' id='word_1_174' title='bbox 992 3003 1025 3058; x_wconf 93' lang='lat' dir='ltr'>et</span> <span class='ocrx_word' id='word_1_175' title='bbox 1038 2995 1116 3060; x_wconf 87' lang='lat' dir='ltr'>inda</span> <span class='ocrx_word' id='word_1_176' title='bbox 1131 3004 1212 3060; x_wconf 89' lang='lat' dir='ltr'>tem·</span> 
     </span>
     <span class='ocr_line' id='line_1_23' title="bbox 85 3099 1212 3182; baseline 0.002 -17"><span class='ocrx_word' id='word_1_177' title='bbox 85 3101 180 3182; x_wconf 89' lang='lat' dir='ltr'>poris</span> <span class='ocrx_word' id='word_1_178' title='bbox 197 3099 262 3164; x_wconf 89' lang='lat' dir='ltr'>hoc</span> <span class='ocrx_word' id='word_1_179' title='bbox 281 3101 478 3165; x_wconf 85' lang='lat' dir='ltr'>vocabulum</span> <span class='ocrx_word' id='word_1_180' title='bbox 498 3101 535 3164; x_wconf 94' lang='lat' dir='ltr'>in</span> <span class='ocrx_word' id='word_1_181' title='bbox 552 3119 617 3164; x_wconf 90' lang='lat' dir='ltr'>usu</span> <span class='ocrx_word' id='word_1_182' title='bbox 635 3100 740 3163; x_wconf 86' lang='lat' dir='ltr'>luisse</span> <span class='ocrx_word' id='word_1_183' title='bbox 754 3101 936 3165; x_wconf 85' lang='lat' dir='ltr'>verisimile</span> <span class='ocrx_word' id='word_1_184' title='bbox 952 3100 1036 3165; x_wconf 51' lang='lat' dir='ltr'>eat&amp;</span> <span class='ocrx_word' id='word_1_185' title='bbox 1057 3103 1212 3167; x_wconf 85' lang='lat' dir='ltr'>Attamen</span> 
     </span>
    </p>
   </div>
   <div class='ocr_carea' id='block_1_5' title="bbox 87 3321 1219 4321">
    <p class='ocr_par' dir='ltr' id='par_1_6' title="bbox 115 3321 707 3382">
     <span class='ocr_line' id='line_1_24' title="bbox 115 3321 707 3382; baseline -0.002 -12"><span class='ocrx_word' id='word_1_186' title='bbox 115 3334 137 3371; x_wconf 87' lang='lat'>1.</span> <span class='ocrx_word' id='word_1_187' title='bbox 155 3325 220 3382; x_wconf 68' lang='lat' dir='ltr'>Tap„</span> <span class='ocrx_word' id='word_1_188' title='bbox 231 3324 305 3382; x_wconf 79' lang='lat' dir='ltr'>1v‚4;</span> <span class='ocrx_word' id='word_1_189' title='bbox 315 3323 347 3371; x_wconf 85' lang='lat' dir='ltr'>ct.</span> <span class='ocrx_word' id='word_1_190' title='bbox 357 3322 484 3377; x_wconf 86' lang='lat' dir='ltr'>staiuthal.</span> <span class='ocrx_word' id='word_1_191' title='bbox 495 3321 511 3369; x_wconf 81' lang='lat' dir='ltr'><strong>t</strong></span> <span class='ocrx_word' id='word_1_192' title='bbox 522 3333 551 3377; x_wconf 83' lang='lat' dir='ltr'>c,</span> <span class='ocrx_word' id='word_1_193' title='bbox 561 3323 579 3378; x_wconf 89' lang='lat'>1,</span> <span class='ocrx_word' id='word_1_194' title='bbox 589 3335 613 3381; x_wconf 83' lang='lat' dir='ltr'>p.</span> <span class='ocrx_word' id='word_1_195' title='bbox 621 3327 661 3369; x_wconf 77' lang='lat' dir='ltr'>aas</span> <span class='ocrx_word' id='word_1_196' title='bbox 670 3335 707 3381; x_wconf 83' lang='lat' dir='ltr'>sq.</span> 
     </span>
    </p>

    <p class='ocr_par' dir='ltr' id='par_1_7' title="bbox 115 3388 435 3446">
     <span class='ocr_line' id='line_1_25' title="bbox 115 3388 435 3446; baseline 0.003 -12"><span class='ocrx_word' id='word_1_197' title='bbox 115 3394 137 3435; x_wconf 73' lang='lat' dir='ltr'>a.</span> <span class='ocrx_word' id='word_1_198' title='bbox 152 3388 278 3444; x_wconf 83' lang='lat' dir='ltr'>Priscian,</span> <span class='ocrx_word' id='word_1_199' title='bbox 288 3388 316 3434; x_wconf 89' lang='lat' dir='ltr'>K.</span> <span class='ocrx_word' id='word_1_200' title='bbox 327 3389 356 3443; x_wconf 87' lang='lat'>11,</span> <span class='ocrx_word' id='word_1_201' title='bbox 365 3400 389 3446; x_wconf 92' lang='lat' dir='ltr'>p.</span> <span class='ocrx_word' id='word_1_202' title='bbox 400 3393 435 3435; x_wconf 77' lang='lat' dir='ltr'>ot.</span> 
     </span>
    </p>

    <p class='ocr_par' dir='ltr' id='par_1_8' title="bbox 115 3450 378 3508">
     <span class='ocr_line' id='line_1_26' title="bbox 115 3450 378 3508; baseline -0.004 -11"><span class='ocrx_word' id='word_1_203' title='bbox 115 3457 137 3497; x_wconf 80' lang='lat' dir='ltr'>t.</span> <span class='ocrx_word' id='word_1_204' title='bbox 153 3450 223 3499; x_wconf 85' lang='lat' dir='ltr'>Dion.</span> <span class='ocrx_word' id='word_1_205' title='bbox 234 3450 297 3506; x_wconf 81' lang='lat' dir='ltr'>Thr,</span> <span class='ocrx_word' id='word_1_206' title='bbox 309 3463 333 3508; x_wconf 93' lang='lat' dir='ltr'>p.</span> <span class='ocrx_word' id='word_1_207' title='bbox 344 3455 378 3496; x_wconf 72' lang='lat' dir='ltr'>tt.</span> 
     </span>
    </p>

    <p class='ocr_par' dir='ltr' id='par_1_9' title="bbox 114 3514 298 3570">
     <span class='ocr_line' id='line_1_27' title="bbox 114 3514 298 3570; baseline -0.005 -11"><span class='ocrx_word' id='word_1_208' title='bbox 114 3514 298 3570; x_wconf 63' lang='lat' dir='ltr'>ahmam</span> 
     </span>
    </p>

    <p class='ocr_par' dir='ltr' id='par_1_10' title="bbox 114 3575 576 3633">
     <span class='ocr_line' id='line_1_28' title="bbox 114 3575 576 3633; baseline -0.004 -11"><span class='ocrx_word' id='word_1_209' title='bbox 114 3582 136 3622; x_wconf 77' lang='lat' dir='ltr'>a.</span> <span class='ocrx_word' id='word_1_210' title='bbox 151 3576 214 3631; x_wconf 85' lang='lat' dir='ltr'>vlu,</span> <span class='ocrx_word' id='word_1_211' title='bbox 222 3583 258 3621; x_wconf 78' lang='lat' dir='ltr'>tt.</span> <span class='ocrx_word' id='word_1_212' title='bbox 269 3575 304 3622; x_wconf 83' lang='lat' dir='ltr'>ct.</span> <span class='ocrx_word' id='word_1_213' title='bbox 316 3579 398 3623; x_wconf 90' lang='lat' dir='ltr'>tamen</span> <span class='ocrx_word' id='word_1_214' title='bbox 408 3575 481 3631; x_wconf 82' lang='lat' dir='ltr'>intra,</span> <span class='ocrx_word' id='word_1_215' title='bbox 492 3586 516 3633; x_wconf 88' lang='lat' dir='ltr'>p.</span> <span class='ocrx_word' id='word_1_216' title='bbox 528 3580 576 3621; x_wconf 83' lang='lat' dir='ltr'>tto.</span> 
     </span>
    </p>

    <p class='ocr_par' dir='ltr' id='par_1_11' title="bbox 114 3637 496 3696">
     <span class='ocr_line' id='line_1_29' title="bbox 114 3637 496 3696; baseline -0.008 -11"><span class='ocrx_word' id='word_1_217' title='bbox 114 3645 136 3685; x_wconf 86' lang='lat' dir='ltr'>o.</span> <span class='ocrx_word' id='word_1_218' title='bbox 152 3637 188 3686; x_wconf 76' lang='lat' dir='ltr'>Cf.</span> <span class='ocrx_word' id='word_1_219' title='bbox 197 3637 346 3694; x_wconf 83' lang='lat' dir='ltr'>Wilmanna,</span> <span class='ocrx_word' id='word_1_220' title='bbox 355 3650 380 3696; x_wconf 88' lang='lat' dir='ltr'>p.</span> <span class='ocrx_word' id='word_1_221' title='bbox 391 3643 431 3683; x_wconf 72' lang='lat'>112</span> <span class='ocrx_word' id='word_1_222' title='bbox 441 3649 496 3696; x_wconf 80' lang='lat' dir='ltr'>sqq.</span> 
     </span>
    </p>

    <p class='ocr_par' dir='ltr' id='par_1_12' title="bbox 87 3698 1216 3820">
     <span class='ocr_line' id='line_1_30' title="bbox 115 3698 1216 3759; baseline 0.004 -13"><span class='ocrx_word' id='word_1_223' title='bbox 115 3708 137 3746; x_wconf 78' lang='lat' dir='ltr'>a.</span> <span class='ocrx_word' id='word_1_224' title='bbox 152 3699 224 3748; x_wconf 78' lang='lat' dir='ltr'>Part}</span> <span class='ocrx_word' id='word_1_225' title='bbox 236 3718 246 3739; x_wconf 80' lang='grc' dir='ltr'>ι</span> <span class='ocrx_word' id='word_1_226' title='bbox 257 3711 314 3747; x_wconf 89' lang='lat' dir='ltr'>cum</span> <span class='ocrx_word' id='word_1_227' title='bbox 324 3719 335 3741; x_wconf 82' lang='grc'><strong>»</strong></span> <span class='ocrx_word' id='word_1_228' title='bbox 346 3699 491 3747; x_wconf 85' lang='lat' dir='ltr'>adverbium</span> <span class='ocrx_word' id='word_1_229' title='bbox 501 3698 548 3745; x_wconf 87' lang='lat' dir='ltr'>arlt</span> <span class='ocrx_word' id='word_1_230' title='bbox 559 3699 711 3758; x_wconf 78' lang='lat' dir='ltr'>temporis...</span> <span class='ocrx_word' id='word_1_231' title='bbox 721 3698 798 3745; x_wconf 85' lang='lat' dir='ltr'>Varro</span> <span class='ocrx_word' id='word_1_232' title='bbox 809 3698 927 3747; x_wconf 83' lang='lat' dir='ltr'>adverbia</span> <span class='ocrx_word' id='word_1_233' title='bbox 936 3698 1027 3747; x_wconf 85' lang='lat' dir='ltr'>localia</span> <span class='ocrx_word' id='word_1_234' title='bbox 1036 3703 1153 3759; x_wconf 79' lang='lat' dir='ltr'>quattuor</span> <span class='ocrx_word' id='word_1_235' title='bbox 1160 3712 1216 3750; x_wconf 80' lang='lat' dir='ltr'>asae</span> 
     </span>
     <span class='ocr_line' id='line_1_31' title="bbox 87 3762 638 3820; baseline -0.002 -12"><span class='ocrx_word' id='word_1_236' title='bbox 87 3762 166 3809; x_wconf 83' lang='lat' dir='ltr'>dicit:</span> <span class='ocrx_word' id='word_1_237' title='bbox 177 3762 261 3818; x_wconf 87' lang='lat' dir='ltr'>ex,tn‚</span> <span class='ocrx_word' id='word_1_238' title='bbox 273 3763 311 3818; x_wconf 83' lang='lat' dir='ltr'>od,</span> <span class='ocrx_word' id='word_1_239' title='bbox 322 3762 361 3819; x_wconf 87' lang='lat' dir='ltr'>ab,</span> <span class='ocrx_word' id='word_1_240' title='bbox 372 3765 419 3809; x_wconf 90' lang='lat' dir='ltr'>otc.</span> <span class='ocrx_word' id='word_1_241' title='bbox 430 3762 458 3809; x_wconf 88' lang='lat' dir='ltr'>K.</span> <span class='ocrx_word' id='word_1_242' title='bbox 469 3762 638 3820; x_wconf 68' lang='lat' dir='ltr'>vitarem.</span> 
     </span>
    </p>

    <p class='ocr_par' dir='ltr' id='par_1_13' title="bbox 115 3823 441 3882">
     <span class='ocr_line' id='line_1_32' title="bbox 115 3823 441 3882; baseline -0.003 -12"><span class='ocrx_word' id='word_1_243' title='bbox 115 3830 138 3870; x_wconf 79' lang='grc'>8.</span> <span class='ocrx_word' id='word_1_244' title='bbox 152 3823 196 3871; x_wconf 86' lang='lat' dir='ltr'>Ed.</span> <span class='ocrx_word' id='word_1_245' title='bbox 206 3824 348 3880; x_wconf 78' lang='lat' dir='ltr'>Quichcrat,</span> <span class='ocrx_word' id='word_1_246' title='bbox 357 3836 382 3882; x_wconf 88' lang='lat' dir='ltr'>p.</span> <span class='ocrx_word' id='word_1_247' title='bbox 394 3830 441 3871; x_wconf 65' lang='lat' dir='ltr'>ltu</span> 
     </span>
    </p>

    <p class='ocr_par' dir='ltr' id='par_1_14' title="bbox 89 3884 1219 4321">
     <span class='ocr_line' id='line_1_33' title="bbox 116 3884 1216 3945; baseline 0.002 -12"><span class='ocrx_word' id='word_1_248' title='bbox 116 3893 138 3933; x_wconf 76' lang='lat' dir='ltr'>a.</span> <span class='ocrx_word' id='word_1_249' title='bbox 153 3886 190 3935; x_wconf 82' lang='lat' dir='ltr'>Gt.</span> <span class='ocrx_word' id='word_1_250' title='bbox 204 3885 316 3942; x_wconf 86' lang='lat' dir='ltr'>Paulum,</span> <span class='ocrx_word' id='word_1_251' title='bbox 331 3899 356 3945; x_wconf 77' lang='lat' dir='ltr'>p,</span> <span class='ocrx_word' id='word_1_252' title='bbox 370 3885 580 3944; x_wconf 74' lang='lat' dir='ltr'>at,ta,1⁰o;vtde</span> <span class='ocrx_word' id='word_1_253' title='bbox 594 3887 676 3933; x_wconf 76' lang='lat' dir='ltr'>tanim</span> <span class='ocrx_word' id='word_1_254' title='bbox 692 3885 799 3941; x_wconf 81' lang='lat' dir='ltr'>Festum,</span> <span class='ocrx_word' id='word_1_255' title='bbox 814 3896 839 3943; x_wconf 90' lang='lat' dir='ltr'>p.</span> <span class='ocrx_word' id='word_1_256' title='bbox 854 3889 902 3942; x_wconf 76' lang='lat' dir='ltr'>tta,</span> <span class='ocrx_word' id='word_1_257' title='bbox 916 3888 940 3932; x_wconf 89' lang='lat' dir='ltr'>et</span> <span class='ocrx_word' id='word_1_258' title='bbox 954 3884 1066 3942; x_wconf 84' lang='lat' dir='ltr'>Paulum,</span> <span class='ocrx_word' id='word_1_259' title='bbox 1076 3898 1101 3945; x_wconf 89' lang='lat' dir='ltr'>p.</span> <span class='ocrx_word' id='word_1_260' title='bbox 1112 3891 1160 3945; x_wconf 75' lang='lat' dir='ltr'>tot,</span> <span class='ocrx_word' id='word_1_261' title='bbox 1170 3889 1216 3936; x_wconf 83' lang='lat' dir='ltr'>sub</span> 
     </span>
     <span class='ocr_line' id='line_1_34' title="bbox 89 3947 1216 4009; baseline 0.001 -14"><span class='ocrx_word' id='word_1_262' title='bbox 89 3947 204 4006; x_wconf 80' lang='lat' dir='ltr'>Quando.</span> <span class='ocrx_word' id='word_1_263' title='bbox 218 3949 310 3996; x_wconf 87' lang='lat' dir='ltr'>Paulus</span> <span class='ocrx_word' id='word_1_264' title='bbox 325 3950 379 3996; x_wconf 72' lang='lat' dir='ltr'>alcz</span> <span class='ocrx_word' id='word_1_265' title='bbox 394 3967 404 3989; x_wconf 80' lang='grc' dir='ltr'>ι</span> <span class='ocrx_word' id='word_1_266' title='bbox 420 3947 524 4004; x_wconf 83' lang='lat' dir='ltr'>Quando</span> <span class='ocrx_word' id='word_1_267' title='bbox 538 3959 616 4006; x_wconf 84' lang='lat' dir='ltr'>quum</span> <span class='ocrx_word' id='word_1_268' title='bbox 634 3948 704 4006; x_wconf 79' lang='lat' dir='ltr'>gravi</span> <span class='ocrx_word' id='word_1_269' title='bbox 720 3958 783 3993; x_wconf 84' lang='lat' dir='ltr'>voce</span> <span class='ocrx_word' id='word_1_270' title='bbox 800 3947 984 4005; x_wconf 88' lang='lat' dir='ltr'>pronuntiatur,</span> <span class='ocrx_word' id='word_1_271' title='bbox 1001 3949 1125 4007; x_wconf 80' lang='lat' dir='ltr'>significat</span> <span class='ocrx_word' id='word_1_272' title='bbox 1140 3950 1216 4009; x_wconf 84' lang='lat' dir='ltr'>quod,</span> 
     </span>
     <span class='ocr_line' id='line_1_35' title="bbox 90 4009 1218 4070; baseline 0.003 -13"><span class='ocrx_word' id='word_1_273' title='bbox 90 4012 219 4070; x_wconf 84' lang='lat' dir='ltr'>quoniam,</span> <span class='ocrx_word' id='word_1_274' title='bbox 229 4014 253 4058; x_wconf 89' lang='lat' dir='ltr'>et</span> <span class='ocrx_word' id='word_1_275' title='bbox 267 4014 304 4058; x_wconf 88' lang='lat' dir='ltr'>eat</span> <span class='ocrx_word' id='word_1_276' title='bbox 318 4011 476 4068; x_wconf 68' lang='lat' dir='ltr'>coniunctim</span> <span class='ocrx_word' id='word_1_277' title='bbox 487 4009 587 4069; x_wconf 80' lang='lat' dir='ltr'>quando</span> <span class='ocrx_word' id='word_1_278' title='bbox 601 4012 675 4057; x_wconf 91' lang='lat' dir='ltr'>acuto</span> <span class='ocrx_word' id='word_1_279' title='bbox 689 4012 804 4066; x_wconf 83' lang='lat' dir='ltr'>accentu,</span> <span class='ocrx_word' id='word_1_280' title='bbox 815 4013 853 4056; x_wconf 89' lang='lat' dir='ltr'>ast</span> <span class='ocrx_word' id='word_1_281' title='bbox 868 4010 987 4068; x_wconf 86' lang='lat' dir='ltr'>temporis</span> <span class='ocrx_word' id='word_1_282' title='bbox 1002 4011 1155 4058; x_wconf 85' lang='lat' dir='ltr'>adverbium.</span> <span class='ocrx_word' id='word_1_283' title='bbox 1167 4030 1177 4053; x_wconf 62' lang='lat' dir='ltr'>e</span> <span class='ocrx_word' id='word_1_284' title='bbox 1189 4013 1218 4060; x_wconf 83' lang='lat' dir='ltr'>nt</span> 
     </span>
     <span class='ocr_line' id='line_1_36' title="bbox 92 4072 1218 4132; baseline 0 -11"><span class='ocrx_word' id='word_1_285' title='bbox 92 4075 246 4132; x_wconf 82' lang='lat' dir='ltr'>catapotium</span> <span class='ocrx_word' id='word_1_286' title='bbox 256 4073 323 4132; x_wconf 81' lang='lat' dir='ltr'>quod</span> <span class='ocrx_word' id='word_1_287' title='bbox 333 4074 474 4121; x_wconf 81' lang='lat' dir='ltr'>ambustum</span> <span class='ocrx_word' id='word_1_288' title='bbox 484 4073 574 4119; x_wconf 87' lang='lat' dir='ltr'>aaseiu</span> <span class='ocrx_word' id='word_1_289' title='bbox 585 4072 671 4120; x_wconf 83' lang='lat' dir='ltr'>codice</span> <span class='ocrx_word' id='word_1_290' title='bbox 686 4072 750 4118; x_wconf 85' lang='lat' dir='ltr'>Festi</span> <span class='ocrx_word' id='word_1_291' title='bbox 760 4077 871 4130; x_wconf 87' lang='lat' dir='ltr'>apparot,</span> <span class='ocrx_word' id='word_1_292' title='bbox 882 4072 1003 4119; x_wconf 88' lang='lat' dir='ltr'>nonlicet</span> <span class='ocrx_word' id='word_1_293' title='bbox 1014 4075 1048 4119; x_wconf 90' lang='lat' dir='ltr'>tot</span> <span class='ocrx_word' id='word_1_294' title='bbox 1057 4073 1133 4120; x_wconf 86' lang='lat' dir='ltr'>verba</span> <span class='ocrx_word' id='word_1_295' title='bbox 1147 4075 1218 4121; x_wconf 82' lang='lat' dir='ltr'>Festo</span> 
     </span>
     <span class='ocr_line' id='line_1_37' title="bbox 92 4133 1219 4196; baseline -0.001 -13"><span class='ocrx_word' id='word_1_296' title='bbox 92 4136 229 4192; x_wconf 84' lang='lat' dir='ltr'>vindicare,</span> <span class='ocrx_word' id='word_1_297' title='bbox 243 4138 305 4194; x_wconf 82' lang='lat' dir='ltr'>quot</span> <span class='ocrx_word' id='word_1_298' title='bbox 317 4135 408 4183; x_wconf 82' lang='lat' dir='ltr'>Paulus</span> <span class='ocrx_word' id='word_1_299' title='bbox 422 4135 536 4193; x_wconf 73' lang='lat' dir='ltr'>scripsit,</span> <span class='ocrx_word' id='word_1_300' title='bbox 551 4135 619 4183; x_wconf 83' lang='lat' dir='ltr'>uude</span> <span class='ocrx_word' id='word_1_301' title='bbox 634 4135 779 4192; x_wconf 86' lang='lat' dir='ltr'>conjectura</span> <span class='ocrx_word' id='word_1_302' title='bbox 791 4133 920 4181; x_wconf 72' lang='lat' dir='ltr'>Muallaria</span> <span class='ocrx_word' id='word_1_303' title='bbox 936 4135 1061 4192; x_wconf 67' lang='lat' dir='ltr'>«manao</span> <span class='ocrx_word' id='word_1_304' title='bbox 1075 4147 1130 4182; x_wconf 84' lang='lat' dir='ltr'>cum</span> <span class='ocrx_word' id='word_1_305' title='bbox 1144 4138 1219 4196; x_wconf 76' lang='lat' dir='ltr'>pravi</span> 
     </span>
     <span class='ocr_line' id='line_1_38' title="bbox 92 4196 1217 4258; baseline 0.002 -13"><span class='ocrx_word' id='word_1_306' title='bbox 92 4210 150 4246; x_wconf 82' lang='lat' dir='ltr'>voce</span> <span class='ocrx_word' id='word_1_307' title='bbox 157 4200 349 4258; x_wconf 77' lang='lat' dir='ltr'>pronuntiatur,</span> <span class='ocrx_word' id='word_1_308' title='bbox 357 4198 482 4256; x_wconf 80' lang='lat' dir='ltr'>significat</span> <span class='ocrx_word' id='word_1_309' title='bbox 491 4197 572 4258; x_wconf 77' lang='lat' dir='ltr'>qaod:</span> <span class='ocrx_word' id='word_1_310' title='bbox 582 4202 656 4244; x_wconf 82' lang='lat' dir='ltr'>acuto</span> <span class='ocrx_word' id='word_1_311' title='bbox 665 4200 700 4243; x_wconf 77' lang='lat' dir='ltr'>ert</span> <span class='ocrx_word' id='word_1_312' title='bbox 708 4196 827 4255; x_wconf 76' lang='lat' dir='ltr'>temporis</span> <span class='ocrx_word' id='word_1_313' title='bbox 837 4196 992 4251; x_wconf 77' lang='lat' dir='ltr'>adverbium,</span> <span class='ocrx_word' id='word_1_314' title='bbox 1000 4200 1028 4243; x_wconf 93' lang='lat' dir='ltr'>ut</span> <span class='ocrx_word' id='word_1_315' title='bbox 1036 4197 1145 4254; x_wconf 81' lang='lat' dir='ltr'>Plautus,</span> <span class='ocrx_word' id='word_1_316' title='bbox 1152 4202 1217 4247; x_wconf 76' lang='lat' dir='ltr'>etc.-</span> 
     </span>
     <span class='ocr_line' id='line_1_39' title="bbox 93 4257 1219 4321; baseline 0 -12"><span class='ocrx_word' id='word_1_317' title='bbox 93 4263 181 4309; x_wconf 83' lang='lat' dir='ltr'>Festus</span> <span class='ocrx_word' id='word_1_318' title='bbox 196 4262 273 4320; x_wconf 77' lang='lat' dir='ltr'>igitur</span> <span class='ocrx_word' id='word_1_319' title='bbox 287 4260 438 4308; x_wconf 84' lang='lat' dir='ltr'>vocabulum</span> <span class='ocrx_word' id='word_1_320' title='bbox 453 4278 464 4301; x_wconf 77' lang='grc' dir='ltr'>ι</span> <span class='ocrx_word' id='word_1_321' title='bbox 476 4261 642 4319; x_wconf 67' lang='lat' dir='ltr'>coniunctio·</span> <span class='ocrx_word' id='word_1_322' title='bbox 657 4259 817 4318; x_wconf 85' lang='lat' dir='ltr'>usurpavisse</span> <span class='ocrx_word' id='word_1_323' title='bbox 834 4270 885 4307; x_wconf 91' lang='lat' dir='ltr'>nou</span> <span class='ocrx_word' id='word_1_324' title='bbox 903 4257 1141 4321; x_wconf 67' lang='lat' dir='ltr'>ursmarumque</span> <span class='ocrx_word' id='word_1_325' title='bbox 1157 4258 1219 4310; x_wconf 76' lang='lat' dir='ltr'>lidos</span> 
     </span>
    </p>
   </div>
   <div class='ocr_carea' id='block_1_6' title="bbox 0 0 1478 4942">
    <p class='ocr_par' dir='ltr' id='par_1_15' title="bbox 0 0 1478 4942">
     <span class='ocr_line' id='line_1_40' title="bbox 0 0 1478 4942; baseline 0 0"><span class='ocrx_word' id='word_1_326' title='bbox 0 0 1478 4942; x_wconf 95' lang='lat' dir='ltr'> </span> 
     </span>
    </p>
   </div>
  </div>
 </body>
</html>
