2970 4942
667 372 890 436 ...24-

220 517 299 581 liter
318 517 443 597 saeeuli,
467 518 666 597 compositos
686 536 770 582 esse.
795 517 953 597 Plerique
976 533 1052 580 vero
1076 519 1278 580 arbitrantur
1301 536 1339 578 er

219 623 280 686 illa
290 623 374 686 silva
383 625 660 705 obseruationum,
673 642 772 704 quam
786 625 960 704 Berytium
969 623 1143 704 reliquisse
1161 622 1338 686 Suetonius

222 737 369 811 testatur,
389 732 460 811 eJus
476 738 652 794 sectatores
672 735 885 812 excerpsisse,
902 731 991 793 unde
1011 734 1337 794 commentationesa

221 837 332 901 Gellio
355 838 460 899 aditae
481 845 513 900 et
534 838 658 901 librum
672 858 692 899 a
712 838 861 901 Romano
883 837 1054 900 laudatum
1069 838 1248 900 efficerent.
1273 836 1336 900 Sed

220 945 306 1007 hauc
322 948 579 1007 controversiam
594 945 749 1008 dirimere
760 963 828 1011 non
841 964 953 1008 meum
964 942 1182 1026 est.'Etenim,
1195 947 1334 1025 etiamsi,

221 1052 308 1133 quod
323 1050 394 1114 vult
409 1051 494 1112 Ksu.
508 1051 529 1132 ¹,
547 1070 620 1131 quae
640 1052 770 1115 Probus
789 1053 829 1115 de
844 1051 1069 1132 compluribus
1085 1054 1165 1115 artis
1179 1069 1337 1129 gramma·

221 1162 293 1222 ticae
314 1160 463 1239 partibus
486 1158 688 1240 reliquisset,
706 1177 745 1223 ea
765 1162 837 1241 ipsa
858 1163 894 1220 in
916 1166 1019 1222 artem
1041 1159 1172 1222 redacta
1185 1161 1335 1239 inissent,

222 1265 354 1328 nullum
365 1273 473 1329 tamen
483 1268 679 1353 inmanibus
689 1266 886 1331 haberemus
897 1267 1020 1330 librum
1032 1266 1133 1329 Probi
1143 1267 1336 1346 genuinum.

222 1371 362 1434 Nullum
387 1390 465 1451 ergo
493 1375 743 1453 grammaticum
770 1373 967 1436 vocabulum
996 1374 1133 1454 Berytio
1161 1373 1338 1436 attribuere

221 1477 308 1540 mihi
323 1478 431 1543 licuit.

267 1584 365 1647 Haud
381 1603 487 1666 pauca
507 1604 524 1647 e
545 1584 753 1658 Quintiliano
768 1605 934 1650 assumere
956 1589 1061 1667 potui,
1079 1604 1288 1667 quamquam,
1305 1594 1342 1647 ut

222 1695 278 1771 ait,
305 1709 372 1752 non
394 1692 501 1754 voluit
525 1694 770 1770 grammaticam
790 1692 906 1756 docere
930 1710 991 1755 nee
1010 1701 1113 1756 artem
1129 1710 1336 1774 componere.

222 1799 513 1862 Demonstraturus
536 1799 626 1860 enim
646 1799 767 1878 quibus
789 1800 909 1861 studiis
930 1800 971 1861 ab
992 1800 1135 1861 infantia
1149 1807 1259 1862 orator
1277 1801 1341 1863 for-

222 1906 362 1968 mandus
378 1910 430 1986 sit,
448 1910 614 1987 praecipua
627 1908 846 1985 grammaticae
862 1907 968 1987 capita
982 1902 1184 1986 percenset²,
1200 1925 1340 1969 necnon

222 2012 350 2093 aliquot
375 2036 390 2068 «
409 2012 572 2075 technicis
594 2014 777 2074 terminis»
804 2013 919 2076 utitur.
947 2012 1037 2085 Quos
1053 2029 1073 2073 a
1088 2011 1290 2094 Palaemone,
1307 2021 1344 2074 ut

224 2126 326 2180 totam
351 2118 534 2181 doctrinam
558 2137 650 2181 suam
679 2120 936 2199 grammaticam,
964 2137 1040 2181 eunt
1062 2125 1249 2180 mutuatum
1272 2135 1343 2179 esse

225 2234 351 2288 certum
372 2233 432 2289 est.
456 2225 617 2307 Namque,
633 2235 852 2307 praeterquam
871 2227 959 2306 quod
978 2245 1038 2306 per
1057 2245 1091 2288 se
1105 2226 1203 2288 facile
1220 2225 1343 2307 suspici

225 2340 344 2412 potest,
373 2331 634 2413 Quintilianum,
662 2333 808 2395 Remmii
832 2331 1063 2414 discipulum⁸,
1095 2339 1245 2396 secutum
1273 2349 1344 2393 esse

226 2446 470 2520 praeceptorem,
490 2438 708 2501 Mseseusnn⁴
722 2439 910 2502 luculenter
925 2439 1079 2519 ostendit,
1092 2457 1165 2518 quae
1182 2457 1201 2498 a
1214 2437 1345 2510 Quinti-

225 2545 317 2608 liano
339 2548 549 2627 proterantur
572 2551 794 2628 grammatica,
812 2547 899 2626 apud
921 2549 1114 2627 posterioris
1138 2546 1245 2607 {etatis
1268 2546 1344 2607 arti-

227 2652 370 2731 graphos
392 2653 544 2733 reperiri,
563 2659 595 2714 et
618 2651 825 2716 Moniwssr
847 2653 979 2715 eosdem
1004 2676 1018 2705 ι
1045 2654 1203 2715 temiinos
1219 2651 1345 2713 techni-

146 2778 149 2785 ·
228 2776 282 2821 eos
301 2785 315 2813 >›
335 2766 366 2820 et
381 2758 579 2838 locutiones,
596 2778 677 2840 quas
697 2757 914 2820 Charisianus
937 2758 1104 2820 Palaemon
1123 2759 1342 2838 usurpaverit,

228 2866 316 2946 apud
330 2864 577 2939 Quintilianum
590 2867 658 2946 jam
673 2865 752 2943 legi.

273 2973 441 3036 Hactenus
462 2972 502 3035 de
525 2971 753 3052 Quintilian03
777 2973 817 3035 de
841 2973 949 3052 Aspre
973 2979 1092 3052 autem,
1117 2971 1213 3052 cujus
1228 2988 1347 3033 nomen

189 3132 192 3135 .
228 3082 292 3143 arti
315 3081 446 3143 cuidam
470 3100 489 3143 a
512 3077 652 3143 Kenio⁰
670 3082 907 3161 prescribitur,
932 3099 1037 3160 pauca
1058 3081 1235 3143 sufficient.
1263 3103 1279 3134 s
1296 3079 1347 3140 Ad

229 3188 412 3250 Aemilium
437 3189 580 3268 Asprum
603 3191 708 3269 enim,
734 3188 882 3250 Terentii
905 3186 1047 3264 Vergilii
1073 3186 1225 3249 Sallustii
1248 3190 1347 3248 inter·
1380 3270 1385 3279 .

230 3301 397 3376 pretem...
425 3294 512 3356 nihil
537 3314 576 3358 ex
595 3294 660 3358 hoc
680 3294 766 3358 libro
785 3297 940 3375 pertinet,
959 3296 1017 3374 qui
1040 3313 1078 3357 ea
1099 3301 1206 3376 aetate,
1230 3313 1295 3374 (lua
1313 3297 1348 3355 in
1393 3306 1397 3312 '

230 3408 298 3462 arte
315 3401 436 3463 Donati
451 3402 643 3481 exponenda
656 3403 799 3463 maxima
813 3403 922 3471 studia
936 3404 1227 3481 grammaticorum
1241 3420 1349 3464 versa·
1422 3416 1425 3425 ’

230 3510 360 3588 bantur,
379 3512 519 3589 scriptus
535 3514 595 3572 est.
616 3532 631 3561 a
651 3508 891 3572 Grammaticus
906 3527 996 3589 vero,
1014 3511 1071 3589 qui
1088 3516 1232 3589 tempore
1247 3508 1349 3571 Anto-

230 3617 304 3677 nini
325 3615 515 3696 philosophi
537 3613 647 3697 vixit⁷,
666 3617 703 3678 in
725 3620 976 3680 commentarios
993 3615 1146 3680 Sallustii
1162 3624 1193 3679 et
1207 3614 1350 3694 Vergilii

257 3824 276 3860 1.
292 3816 330 3871 lv,
341 3827 364 3872 p.
376 3829 432 3860 xxx.

258 3884 278 3922 e.
294 3878 313 3932 1,
322 3884 335 3920 t
345 3890 399 3935 sqq.

256 3947 277 3987 3.
293 3940 374 3986 schol.
385 3939 416 3985 ad
426 3938 581 3995 iuvenalem,
592 3939 631 3994 VI,
641 3942 689 3984 452.

257 4009 277 4047 t.
293 4004 318 4048 l..
330 4006 459 4059 c..p.8·15.

256 4070 277 4109 5.
292 4067 400 4115 Heruma,
410 4064 448 4118 XI,
459 4076 483 4121 p.
495 4069 542 4110 ³53.

257 4134 277 4173 tv.
292 4128 320 4184 V,
331 4139 355 4183 p.
366 4131 404 4173 stt
415 4138 469 4184 sqq.

258 4196 277 4236 r.
294 4190 330 4245 K„
341 4190 369 4245 v,
380 4200 404 4246 p.
414 4195 462 4234 set.
