2970 4942
527 430 746 495 ..49-

132 575 233 655 Hujus
247 579 294 638 rei
314 575 348 637 id
362 593 491 655 quoque
506 575 596 637 haud
614 575 686 638 leve
706 582 937 654 argumentum
957 584 1018 654 est,
1037 576 1126 655 qnod
1140 575 1195 637 lit·

94 688 179 761 teras,
204 699 313 761 quasa
336 680 461 744 Graeois
481 690 684 763 receperant,
705 680 913 762 appellarunt
936 685 1032 743 novis
1049 685 1196 743 nomini-

92 787 146 848 bus
160 793 189 849 et
203 787 455 866 simplicioribus
470 795 502 850 et
517 791 563 850 ita
578 789 676 867 fictis,
694 795 731 849 ut
746 805 805 868 per
819 805 858 849 ea
872 790 1002 849 interse
1014 787 1197 868 distingue·

93 901 198 955 rentur
210 893 349 974 vocales,
368 902 585 957 consonantes
601 901 633 957 et
648 891 877 957 semivocales.
895 892 991 965 Quod
1006 910 1063 955 eos
1078 893 1196 955 iecisse

92 1003 209 1081 opinor,
234 1001 399 1080 utilitatis,
426 1009 463 1063 ut
487 1000 649 1082 solebant,
674 1005 801 1064 ratione
824 999 948 1081 habita,
973 1000 1198 1082 fortasseque

91 1105 211 1169 facilius
232 1111 326 1187 pueri
349 1110 614 1170 instituerentur.
641 1106 783 1170 Litteras
806 1110 919 1186 igitur,
938 1108 959 1167 t
978 1115 1123 1187 excepta,
1145 1108 1199 1171 his

92 1213 355 1293 appellationibus
371 1215 639 1295 designaverunt,
657 1234 737 1296 quae
753 1214 861 1278 adhuc
880 1218 1087 1278 retinemus:
1112 1215 1199 1296 apud

92 1337 141 1382 eos
164 1322 250 1382 enim
277 1339 297 1383 a
320 1322 455 1384 vocibus
480 1324 549 1383 suis
569 1319 700 1384 vocales
723 1324 956 1399 nominantur,
984 1319 1200 1384 semivocales

91 1442 160 1488 reio
174 1427 212 1488 ab
226 1447 241 1488 e
255 1431 420 1507 incipiunt
435 1436 468 1490 et
482 1428 520 1490 in
533 1446 568 1491 se
584 1431 805 1491 terminantur
822 1451 837 1481 ι
855 1427 977 1508 absque
993 1444 1026 1505 a,
1044 1444 1117 1509 quae
1133 1427 1175 1490 ab
1190 1431 1201 1490 i

90 1536 200 1614 incipit
222 1554 281 1615 per
300 1534 523 1613 anastrophen
545 1538 645 1614 graem
668 1537 815 1597 nominis
830 1531 872 1616 ξῖ,
891 1538 968 1614 quia
988 1552 1122 1597 necesse
1138 1543 1199 1614 est,

91 1656 159 1702 oum
181 1642 222 1702 sit
245 1639 466 1719 semivocalis,
484 1658 504 1702 a
524 1641 630 1705 vocali
650 1638 815 1722 incipere¹
841 1658 876 1717 »ς
892 1648 992 1702 mutae
1009 1647 1119 1704 autem
1134 1659 1153 1702 a
1167 1659 1201 1704 se

89 1748 246 1827 incipiunt
260 1754 294 1810 et
309 1751 346 1809 in
360 1767 375 1808 e
389 1748 537 1810 vocalem
556 1747 724 1828 desinunt,
747 1750 891 1826 exceptis
913 1766 932 1825 q
952 1754 985 1810 et
1010 1748 1041 1826 t,
1064 1765 1202 1828 quarum

89 1850 183 1915 altera
197 1857 232 1914 in
247 1872 281 1932 u,
300 1853 402 1916 altera
416 1857 452 1916 in
467 1872 487 1914 o
501 1850 645 1915 finitur¹.
662 1852 742 1915 Ideo
758 1852 918 1933 quasdam
932 1850 979 1935 (b,
998 1855 1030 1929 t,
1047 1872 1079 1931 q,
1095 1849 1131 1937 r)
1143 1854 1204 1915 sub

89 1976 289 2023 communem
304 1960 454 2039 regulam
474 1977 540 2022 non
561 1960 678 2023 cadere
697 1972 826 2023 veteres
845 1960 1053 2038 grammatici
1067 1963 1204 2024 arbitre-

87 2064 209 2147 bantur,
233 2066 325 2147 quod
353 2083 421 2129 non
448 2065 568 2128 litterae
596 2066 788 2129 viderentur
816 2062 879 2149 (b),
911 2074 968 2128 aut
996 2084 1063 2130 non
1093 2075 1205 2130 essent

88 2177 274 2235 necessariae
300 2168 344 2256 (lc,
361 2193 391 2251 q,
408 2169 471 2257 r)⁸.
496 2171 605 2252 Atque
624 2175 760 2236 nomine
783 2176 857 2252 ipso
882 2172 1166 2236 demonstrabatur
1184 2192 1203 2253 q

88 2278 167 2341 nulli
181 2279 301 2343 litterae
322 2280 435 2357 nisio,
452 2281 471 2340 t
486 2278 573 2341 nulli
592 2281 658 2341 nisi
674 2298 694 2338 o
708 2282 868 2360 praeponi.
882 2278 1139 2343 semivocalium
1151 2280 1206 2343 de·
1232 2349 1235 2358 ,

88 2386 181 2466 nique
209 2386 491 2468 appellationibus
524 2385 657 2449 facilius
693 2386 910 2465 audiebatur,
943 2405 1055 2449 carum
1089 2405 1207 2449 sonum

87 2497 271 2556 continuari
294 2510 390 2573 posse
408 2512 415 2552 :
433 2510 497 2572 qua
518 2510 554 2554 re
569 2511 588 2555 a
603 2492 861 2556 consonantibus
876 2491 1096 2573 discrepant⁴.
1117 2491 1205 2557 Con·

88 2596 160 2661 silio
175 2601 280 2678 igitur
295 2607 327 2660 et
341 2601 468 2660 ratione
483 2598 626 2660 Romani
651 2615 736 2661 nova
755 2602 891 2661 uomina
905 2598 1025 2662 litteris
1041 2601 1206 2681 imposue-

87 2713 167 2785 rant,
184 2706 287 2786 idque
304 2705 484 2768 consilium
498 2722 517 2766 a
538 2702 686 2767 Varrone
704 2705 774 2784 jam
789 2704 996 2769 intellectum
1012 2708 1115 2770 tuisse
1133 2707 1207 2771 Ser-

86 2815 158 2895 gius
172 2809 342 2876 testatur⁵.

498 2979 554 3043 De
576 2975 796 3042 vocalibus.

127 3132 210 3195 Duae
237 3139 318 3195 sunt
340 3131 527 3196 litterarum
548 3132 702 3212 species:
727 3130 802 3193 aliae
832 3130 965 3194 vocoter⁶
989 3133 1209 3213 appellantur,

85 3252 156 3316 quae
180 3256 300 3301 vocem
322 3257 382 3318 per
405 3256 440 3300 se
463 3238 611 3317 proferre
633 3244 784 3319 possunt,
807 3245 839 3300 et
860 3256 879 3300 a
898 3257 967 3300 voce
986 3239 1153 3320 dicuutur,
1175 3248 1212 3301 ut

112 3423 132 3460 1.
147 3416 233 3469 Prisc,
250 3416 278 3461 Κ.
289 3416 318 3472 ΙΙ,
328 3429 352 3475 p.
364 3422 384 3462 8.
396 3417 455 3462 Fere
470 3427 558 3463 omnes
572 3416 706 3474 artigraphi
716 3417 744 3461 in
754 3416 903 3464 definiendis
917 3418 1053 3464 litterarum
1071 3419 1215 3465 nominihus

85 3477 150 3523 inter
159 3490 186 3524 se
198 3479 369 3525 consentiunt.

112 3545 132 3583 a.
146 3542 169 3585 H
179 3551 283 3597 quoque
294 3552 345 3585 ase
360 3541 484 3597 incipiens
495 3543 518 3585 et
528 3541 555 3584 in
567 3551 584 3583 o
593 3539 709 3585 desinens
719 3552 811 3586 nomen
825 3553 897 3587 suum
909 3543 1064 3589 conllciobst.
1076 3542 1111 3589 cl.
1122 3554 1214 3589 nomen

87 3601 161 3659 hujus
171 3602 263 3648 litter-ee
273 3603 339 3659 apud
351 3603 494 3649 Germanos.

112 3670 134 3708 e.
149 3664 186 3710 Gt.
197 3669 309 3722 praesert.
320 3667 396 3721 serr,
406 3666 434 3711 li.
447 3666 484 3720 lv,
495 3677 518 3722 p.
530 3670 582 3720 4223
594 3666 670 3721 serg,
680 3664 724 3719 id„
735 3678 759 3724 p.
770 3669 817 3712 tao.

112 3733 133 3771 4.
149 3728 215 3772 «llis
225 3727 248 3772 si
258 3727 415 3773 detrahamus
425 3727 533 3780 vocales,
541 3727 634 3772 habent
644 3731 727 3772 tamen
740 3728 808 3773 velut
820 3729 945 3786 quendam
955 3731 994 3776 sui
1006 3730 1085 3776 levem
1097 3742 1195 3776 sonum.
1205 3747 1215 3769 ι

86 3788 162 3845 serg,
173 3789 201 3834 Κ.
215 3789 254 3844 IV,
265 3800 289 3846 p.
300 3796 353 3846 4763
365 3791 396 3835 cl'.
408 3790 500 3847 Pomp,
511 3789 538 3834 ll.
551 3789 577 3845 V,
589 3800 613 3845 p.
626 3796 672 3833 101.

112 3856 132 3894 5.
148 3851 325 3907 1<.1v‚p.5ro.
341 3852 389 3897 Cur
403 3853 471 3897 hunc
487 3852 570 3897 locum
587 3851 664 3907 Sergii
679 3850 820 3897 wilmanns
834 3852 900 3897 inter
909 3853 1028 3910 reliquiae
1038 3853 1155 3898 Varronis
1165 3863 1217 3896 non

87 3913 220 3969 receperit,
237 3915 328 3958 nescio.
340 3913 412 3958 Libro
427 3913 529 3970 quidem
546 3912 576 3958 lx
591 3915 634 3968 (51)
646 3930 655 3950 α
669 3912 699 3957 de
716 3913 802 3969 lingua
816 3913 913 3958 latina·
931 3915 1029 3959 videtur
1045 3916 1121 3960 Varro
1135 3913 1218 3970 appel·

87 3972 151 4020 lasse
167 3993 178 4014 α
194 3977 234 4020 Bo
250 3993 259 4014 ι
276 3976 380 4021 litteram
399 3976 420 4021 b.
441 3976 487 4022 Sod
505 3975 618 4020 codicem
636 3975 663 4019 in
680 3987 710 4020 eo
728 3975 783 4021 loco
801 3979 944 4034 cormptum
962 3987 1016 4022 esse
1035 3977 1117 4034 potius
1135 3975 1218 4029 credo,

85 4048 163 4093 quam
179 4040 236 4094 post
250 4037 385 4083 Varronem
401 4039 537 4083 litterarum
553 4037 656 4082 nomine
671 4040 764 4082 mutata
779 4050 841 4094 osse,
852 4042 876 4084 et
887 4039 917 4083 de
933 4050 963 4084 ea
972 4040 1110 4084 mutatione
1125 4036 1218 4081 nullam

87 4099 154 4154 apud
166 4099 319 4156 posteriores
329 4100 502 4156 grammaticos
513 4099 666 4143 mentionem
678 4104 781 4143 exstare.

70 4182 77 4193 ·
113 4168 133 4206 6.
150 4161 262 4207 Primum
277 4161 431 4220 deprehendi
446 4162 512 4220 apud
526 4162 652 4219 Nigidium
669 4159 792 4218 Figulum,
803 4161 834 4207 cl.
846 4159 919 4217 oeli,
933 4160 993 4216 XIX,
1010 4167 1050 4216 143
1066 4159 1126 4215 Cic,
1141 4160 1218 4212 Oret,

88 4227 123 4279 aa,
135 4229 171 4279 rr,
184 4227 232 4269 etc.

205 4327 236 4358 DE
252 4327 344 4359 GBAMH.
360 4326 448 4360 ὙΟΕΔΒ.
1099 4318 1112 4354 4
